3142 4976
343 443 411 516 156
764 464 958 516 serenum,

339 651 546 740 praeceptor
568 638 761 712 Ptolemaei
785 637 1016 737 Philadelphi
1038 638 1150 714 solius
1177 638 1387 714 Mentientic

339 763 546 863 explicandi
572 763 694 838 studio
724 763 917 838 confectus
945 763 1155 838 interierit¹.
1207 763 1387 846 Quamvis

339 897 462 964 autem
481 887 688 962 Aristotelis
712 887 906 973 beneficio,
924 887 1116 962 videantur
1137 887 1208 960 ista
1233 897 1275 960 ut
1299 894 1388 960 sunt

339 1011 445 1098 levia,
469 1011 505 1084 in
532 1011 574 1084 iis
600 1020 724 1084 tamen
755 1021 926 1108 prompte
951 1019 1064 1107 atque
1090 1009 1284 1084 artificiose
1312 1008 1386 1082 sol-

340 1135 468 1210 vendis
502 1159 576 1208 non
610 1135 788 1210 inutiliter
821 1159 901 1210 sese
935 1134 1099 1208 iuvenes
1135 1133 1385 1208 exercebunt:

341 1283 426 1334 nem
457 1259 493 1332 in
528 1257 747 1354 gravissimis
779 1256 1109 1356 Disputationibus,
1139 1257 1221 1332 haec
1256 1255 1386 1331 eedem

341 1392 489 1458 recocta
528 1383 647 1456 Novae
689 1383 892 1479 praesertim
936 1381 1185 1479 Philosophiae
1225 1381 1416 1455 cultores·

341 1509 539 1606 saepissime
556 1516 754 1604 reponunt.

391 1631 434 1704 V.
451 1655 487 1727 g.
526 1629 727 1704 Gcssendrrs
758 1627 926 1702 Vacuum
961 1628 1062 1724 quod
1092 1626 1252 1726 appellet
1280 1627 1389 1701 disse·

342 1755 511 1830 minctum
528 1753 657 1827 eodem
676 1753 751 1826 sere
773 1751 1004 1850 Sophismate
1028 1751 1280 1826 demonstrare
1306 1775 1390 1849 per·

342 1877 472 1965 tendit,
507 1901 582 1973 quo
616 1877 703 1958 olim
739 1877 842 1948 Zeno
877 1888 999 1950 contre
1028 1889 1156 1950 motum
1190 1876 1387 1950 utebatur:

341 2003 528 2098 Suamque
541 2001 704 2075 chbins
722 2001 769 2073 de
787 2001 1008 2076 Necessitate
1025 2002 1244 2076 sententiam
1257 1999 1388 2074 iisdem

339 2135 550 2224 propugnat
573 2123 738 2200 Fallaciis
766 2124 900 2220 quibus
923 2124 1054 2198 Fctum
1077 2125 1212 2198 Stoici:
1243 2124 1388 2220 aliaque

340 2251 498 2348 plurima
509 2249 618 2347 hujus
629 2249 784 2346 generis,
795 2273 880 2344 quae
891 2259 978 2323 sunt
991 2247 1109 2323 Nobis
1120 2248 1389 2346 praetereunda,

341 2378 510 2452 studiosis
527 2377 624 2450 inter
641 2375 838 2474 legendum
857 2387 1065 2450 occurrent.

392 2503 533 2576 Fefellit
561 2502 686 2576 Virum
714 2502 801 2576 setis
828 2502 915 2577 alies
942 2503 1190 2600 perspicacem
1220 2502 1302 2576 haec
1333 2527 1390 2577 se·

342 2625 464 2724 queis,
492 2649 579 2722 quse
609 2626 646 2698 in
681 2624 872 2721 Ambiguis
906 2625 1170 2721 distinguendis
1203 2637 1389 2700 versatum

342 2749 492 2823 minime
527 2748 692 2846 (opinor)
727 2747 935 2832 fefellisset;
980 2749 1128 2824 Possum
1160 2749 1255 2822 dctoe
1292 2751 1390 2846 peri-

338 2873 474 2970 pherioe
509 2873 668 2946 trientem
702 2873 903 2957 exhihere¹,·
952 2873 1099 2947 Possum
1128 2873 1241 2971 igitur
1270 2875 1391 2948 dctcm

337 2997 575 3094 periphericm
603 2997 793 3070 triseccre:
819 2997 923 3095 cujus
941 2998 1135 3071 falsitatem
1160 2999 1238 3095 ipsa
1262 2999 1391 3072 Praxis

344 3119 550 3214 redarguit3
597 3143 716 3216 neque
757 3120 854 3194 enim
895 3121 1066 3194 trientem
1111 3120 1290 3209 exhibuit,
1324 3121 1390 3196 sed

344 3243 492 3316 alterius
523 3243 645 3316 circuli
681 3243 924 3341 peripheriam
960 3245 1082 3317 trienti
1116 3269 1264 3342 parem:
1304 3246 1341 3320 h.
1359 3270 1391 3320 e.

345 3393 419 3443 non
455 3369 615 3442 trientem
648 3369 781 3465 ipsum,
812 3368 877 3443 sed
907 3369 1045 3443 trientis
1072 3371 1248 3443 colorem:
1287 3370 1393 3445 Paria

345 3493 488 3568 iecisset
518 3493 582 3590 qui
612 3490 777 3565 oblatum
808 3491 875 3564 sibi
904 3491 1060 3566 solidum
1091 3494 1317 3580 triseoturuS,
1343 3518 1391 3568 ne

345 3627 544 3690 attrectato
563 3616 711 3712 quidem
729 3614 846 3687 solido
864 3616 1086 3712 porrexisset
1104 3615 1318 3690 drachmam
1325 3626 1350 3690 ’.

387 3869 397 3892 ¹
420 3859 478 3918 See
493 3859 668 3928 strennus,
683 3861 785 3936 Deipn.
801 3862 841 3920 ix.
858 3864 904 3920 ot.

387 3963 398 3994 r
419 3955 503 4012 Dctc
519 3957 685 4030 peripheria
708 3959 842 4016 trientem.
884 3958 1008 4018 Aldrich
1031 3978 1158 4036 appears
1178 3969 1208 4020 tc
1227 3963 1304 4022 heve
1326 3964 1394 4024 mis

348 4050 439 4108 tehen
454 4052 504 4109 the
526 4052 673 4126 problem.
716 4054 816 4114 There
840 4055 865 4113 is
888 4074 929 4113 no
951 4055 1097 4134 difficulty
1114 4059 1144 4116 in
1163 4059 1322 4138 trisecting
1342 4061 1395 4120 the

349 4147 435 4202 critice
456 4147 666 4220 circumferencc
690 4148 724 4206 oi
746 4168 764 4208 a
787 4151 885 4218 circle,
908 4152 1007 4211 which
1031 4171 1100 4230 may
1121 4154 1159 4212 be
1183 4154 1264 4214 done
1288 4156 1329 4232 by
1354 4157 1395 4215 in·

350 4242 484 4320 scribing
511 4263 549 4302 an
579 4244 754 4318 equiloteral
781 4247 917 4324 triangle.
944 4250 1070 4324 (Euclid
1091 4253 1128 4310 iv.
1152 4255 1194 4326 2.)
1238 4253 1304 4312 The
1330 4261 1399 4312 true
