3142 4976
571 445 800 511 nuonrnnrr.
1143 423 1206 494 121

166 622 216 695 od
239 621 437 709 obetedom,
464 621 684 720 impossibile,
710 621 971 708 incommodum,
998 644 1073 695 uno
1101 622 1212 694 verbo

166 753 267 818 recte
294 745 426 819 dixeris
455 745 653 843 Obliquum.
708 745 929 843 Exemplum
962 745 1041 843 ejus
1067 744 1130 818 dat
1158 769 1214 817 re-

167 867 293 942 ductio
320 869 530 967 Syllogismi
553 894 576 943 a
599 869 746 943 Borolco
775 869 832 944 vel
850 869 1021 946 Bolcordo
1045 871 1091 944 ad
1117 872 1215 945 Bor·

170 995 268 1068 doro.

220 1117 404 1193 Ostenrioo
420 1118 573 1192 Direetn
590 1117 632 1190 fit
650 1117 795 1193 duobus
811 1119 940 1193 modis.

222 1243 253 1316 l.
280 1241 440 1323 Quando
462 1239 600 1338 aliquid
625 1240 903 1315 demonstratur
928 1265 994 1339 per
1010 1238 1189 1337 Effiotnrn
1201 1268 1272 1326 mn.
1285 1267 1356 1315 Pon

169 1375 213 1441 nt
238 1366 267 1438 si
293 1364 444 1451 diceres,
471 1365 577 1438 Lnnn
603 1363 682 1438 Soli
712 1365 872 1463 opposita
902 1366 1008 1464 nigra
1037 1334 1248 1450 cernerem-¹·
1261 1333 1299 1381 ω’
1313 1333 1369 1388 ¹'2'

170 1514 258 1588 ergo
287 1489 429 1588 potitur
462 1488 637 1586 Eoliprin.
690 1491 725 1562 2.
765 1488 925 1570 Quando
960 1513 1026 1586 per
1063 1489 1361 1617 Comonrpnl-gl’olstss

168 1625 337 1688 remotam
347 1641 360 1698 ‚·
396 1623 439 1686 ut
465 1612 494 1686 si
519 1611 616 1685 idem
644 1611 833 1709 colligeres
855 1613 941 1710 quia
966 1611 1034 1686 Sol
1054 1625 1089 1686 et
1111 1603 1248 1687 Lnne'
1294 1600 1300 1616 ⁸
1329 1601 1336 1624 ’
1364 1600 1370 1614 ’

170 1738 426 1812 diametroliter
459 1748 691 1834 opponuntur.
742 1734 853 1817 Quod
885 1736 914 1810 si
945 1737 1036 1811 illud
1067 1736 1218 1812 demon-

170 1872 303 1936 strares
330 1886 395 1958 per
425 1859 579 1935 Causam
598 1861 813 1956 proximam,
831 1860 917 1958 quia
942 1884 1074 1958 nempe
1106 1861 1142 1935 T
1137 1888 1218 1937 erra

169 1985 261 2060 inter
278 1985 396 2059 Solem
413 1995 448 2059 et
464 1985 605 2058 Lunam
622 1982 866 2080 interponitur,
884 1994 961 2056 tum
981 1983 1086 2057 fieret

220 2111 393 2186 Secunda
407 2107 739 2184 Demonstrationis
756 2111 895 2208 species
913 2098 1035 2200 Διότι,
1049 2111 1072 2184 i.
1083 2136 1115 2186 e.
1133 2136 1356 2209 quaern.1’0st

170 2235 281 2310 docet
314 2237 446 2322 Quare,
475 2234 533 2308 vel
563 2234 720 2330 Propter
754 2234 841 2331 qnid
868 2259 926 2307 res
956 2236 1024 2321 sit;
1070 2207 1377 2330 causamii,¹1⁸i‚³4'‚0,

171 2359 250 2458 ejus
276 2358 507 2457 assignando,
532 2383 608 2432 non
638 2382 910 2456 quamcunque,
929 2360 993 2432 sed
1013 2361 1217 2456 proximam
1226 2335 1264 2384 Π·
1277 2338 1315 2384 ¹⁷·
1325 2339 1351 2385 ⁸·

169 2509 234 2560 seu
252 2485 518 2560 immediatam⁰.
571 2485 631 2559 Sic
650 2485 748 2558 enim
772 2493 939 2559 statuunt
964 2484 1092 2582 Logici
1116 2484 1217 2582 quod

207 2807 219 2832 ⁸
239 2795 449 2854 [meridiatum.
490 2795 558 2854 The
573 2795 654 2854 word
673 2799 771 2870 ὅμεσος
785 2797 812 2855 is
826 2798 902 2856 used
923 2799 955 2856 in
975 2804 1032 2857 two
1053 2816 1158 2856 sensns
1178 2798 1218 2874 by

168 2891 323 2951 Aristode.
370 2898 393 2949 1.
416 2893 478 2950 For
497 2909 516 2949 n
539 2893 729 2967 proposition
754 2900 811 2952 not
839 2894 952 2970 proved
979 2895 1018 2972 by
1039 2913 1098 2971 nny
1119 2897 1218 2970 triplae

169 2989 284 3049 middle
305 2996 400 3056 term;
426 2989 447 3047 i.
461 3008 488 3048 e.
510 3007 549 3047 sn
571 2990 730 3048 axiomatis
751 2990 909 3067 principle,
925 2991 1059 3069 forming
1079 2992 1131 3050 the
1152 2991 1219 3050 first

167 3087 301 3164 promise
327 3085 362 3145 of
386 3105 404 3144 a
431 3085 682 3145 demonstration.
725 3087 808 3146 Such
834 3088 860 3146 is
887 3089 937 3148 the
965 3107 1055 3148 senso
1077 3089 1109 3146 in
1130 3089 1217 3147 Ansl.

169 3184 251 3242 Post
267 3183 285 3240 i.
302 3187 330 3240 2.
345 3187 372 3240 2.
394 3182 454 3241 ond
474 3183 504 3240 ii.
528 3185 574 3240 19.
597 3188 621 3240 l.
664 3186 692 3242 2.
714 3183 776 3240 For
796 3203 814 3242 a
833 3185 965 3259 promise
987 3184 1163 3243 immediate
1185 3202 1218 3242 ss

168 3279 292 3357 regards
313 3280 352 3338 its
373 3279 570 3346 conclusion;
602 3279 621 3336 i.
637 3297 662 3337 e.
684 3288 741 3337 not
760 3281 917 3358 requiring
938 3282 989 3340 the
1015 3281 1163 3340 insertion
1189 3279 1223 3337 ol

169 3377 250 3435 lower
271 3375 386 3435 middle
407 3383 502 3434 ternis
524 3383 554 3434 to
577 3384 706 3434 connect
727 3378 766 3435 its
788 3385 882 3434 terms
903 3377 976 3434 with
1002 3377 1089 3436 those
1113 3375 1147 3434 os
1168 3376 1219 3434 the

168 3472 356 3532 conclusion.
399 3472 482 3532 Suoh
504 3472 531 3531 is
551 3473 604 3531 the
627 3491 716 3532 sense
737 3475 769 3532 in
790 3475 848 3532 An.
871 3473 1050 3533 postire.
1075 3479 1101 3532 l.
1143 3473 1220 3532 This

169 3567 283 3628 second
297 3586 387 3627 sense
401 3569 428 3627 is
443 3568 590 3627 intended
605 3569 691 3627 here.

210 3663 255 3724 Os
265 3683 304 3723 on
317 3663 493 3723 immediate
507 3665 698 3740 proposition
712 3665 743 3722 in
756 3665 808 3724 the
820 3665 887 3724 first
901 3683 1000 3734 sense,
1012 3666 1064 3726 the
1076 3665 1221 3727 invonrite

169 3760 331 3820 scholastio
346 3760 484 3836 example
497 3779 567 3828 nos,
584 3761 673 3819 Omne
686 3762 797 3819 animal
810 3763 950 3820 rationale
970 3774 1009 3821 ert
1027 3764 1150 3832 retrim-
1169 3764 1222 3823 the

168 3856 322 3932 predicate
336 3855 430 3933 being
443 3855 590 3934 regarded
604 3875 638 3916 os
653 3856 775 3935 flowing
793 3857 919 3936 direotly
934 3858 1011 3918 from
1027 3860 1079 3919 the
1095 3861 1221 3938 subject,

169 3960 225 4013 not
237 3973 272 4014 ns
287 3953 454 4013 eonneoted
471 3955 542 4013 with
558 3955 584 4012 it
597 3955 636 4032 by
651 3974 710 4032 any
725 3956 918 4034 intervening
935 3975 1034 4017 cause.
1076 3959 1223 4017 Whereas

169 4051 201 4108 in
217 4053 299 4109 domo
313 4062 352 4110 nr
365 4051 488 4119 risibilis,
503 4051 640 4110 between
663 4052 816 4128 predicate
837 4052 898 4110 ond
920 4053 1037 4131 subject
1051 4055 1223 4112 intervenes

171 4147 223 4206 the
252 4146 368 4206 middle
397 4155 474 4205 term
502 4149 663 4206 rationalis.
706 4147 764 4206 See
792 4147 938 4222 Aquinas,
968 4148 1081 4224 Opnse.
1109 4152 1158 4207 48.
1186 4149 1223 4206 de

173 4244 246 4322 Syll.
279 4244 410 4304 Demon.
444 4262 507 4321 onp.
540 4247 566 4302 5.
601 4244 769 4311 ansrella‚
799 4246 831 4302 in
860 4243 886 4300 Ι.
914 4245 1002 4304 Anal-
1031 4245 1111 4303 Post.
1142 4261 1167 4302 e.
1196 4249 1222 4300 2.
