3128 4976
584 501 815 552 auorununa.
1173 480 1225 551 69.

226 680 260 752 2.
287 679 456 758 Quorum
480 699 595 749 unum
621 675 806 762 convenit,
830 673 985 749 alterum
1009 674 1133 749 differt
1156 677 1221 750 uni

174 808 213 872 et
231 800 348 873 eidem
367 799 492 885 tertio,
509 823 553 872 ea
570 797 744 871 differunt
762 799 857 871 inter
874 823 923 872 se.

224 922 259 995 3.
285 924 381 1003 Quae
394 945 469 994 non
486 921 711 994 conveniunt
727 921 764 994 in
783 945 859 995 uno
873 921 996 1018 aliquo
1014 920 1220 1017 eodemque

174 1045 295 1131 tertio,
312 1068 357 1117 ea
374 1068 450 1118 non
469 1044 693 1118 conveniunt
710 1043 807 1117 inter
822 1067 872 1116 se.
925 1101 930 1108 .
979 1045 980 1048 ’

224 1167 344 1240 Sunto
362 1167 461 1239 enim
478 1167 563 1239 Aet
577 1166 622 1252 C,
635 1189 704 1239 nec
720 1165 894 1262 assignari
911 1165 1027 1262 possit
1039 1165 1220 1262 ejusmodi

172 1291 335 1378 tertium,
352 1291 453 1387 Ergo
479 1289 570 1368 nihil
597 1288 736 1363 habent
762 1312 981 1374 commune;
1019 1291 1120 1388 Ergo
1144 1318 1218 1368 non

174 1415 402 1504 conveniunt
418 1414 515 1487 inter
532 1437 581 1486 se.
796 1397 799 1406 ¹

226 1539 260 1610 4.
287 1539 457 1618 Quorum
474 1538 596 1610 neutri
612 1538 709 1610 inest
733 1538 834 1635 quod
857 1561 933 1612 non
957 1539 1056 1613 sitin
1075 1541 1158 1629 alio,
1177 1568 1221 1618 ea

175 1684 250 1733 non
269 1659 446 1733 differunt
462 1660 557 1733 inter
574 1656 638 1733 sel

224 1784 259 1855 5.
286 1784 382 1863 Quae
400 1807 475 1856 non
503 1782 706 1881 probantur
723 1785 920 1858 convenire
943 1784 980 1858 in
1002 1809 1077 1860 uno
1095 1787 1218 1885 aliquo

173 1907 381 2004 eodemque
397 1907 520 1993 tertio,
537 1930 581 1979 ea
598 1931 673 1981 non
690 1907 893 2003 probantur
910 1910 1106 1984 convenire
1123 1912 1220 1985 inter

175 2053 225 2104 ee.
278 2028 445 2103 Dubitari
471 2030 568 2103 enim
597 2037 722 2127 potest
746 2039 872 2103 utrum
899 2030 1008 2105 detur
1038 2031 1219 2129 ejusmodi

174 2154 338 2241 tertium,
355 2162 392 2226 et
410 2153 589 2227 dubitatio
606 2153 677 2226 ista
693 2176 768 2226 non
786 2153 939 2228 tollitur.

223 2277 258 2351 6.
286 2277 342 2349 De
377 2275 508 2373 quibus
541 2299 616 2349 non
651 2274 841 2372 probetur,
872 2279 1067 2352 convenire
1101 2304 1218 2355 unum

173 2399 294 2474 eidem
327 2399 434 2474 alicui
468 2399 576 2473 tertio
612 2398 671 2472 cui
704 2398 861 2472 alterum
897 2398 1032 2486 differt,
1065 2427 1109 2476 ca
1142 2426 1218 2476 non

176 2522 378 2620 probantur
395 2521 541 2596 differre
557 2523 654 2594 inter
670 2545 720 2594 ee.
774 2521 941 2594 Dubitari
959 2524 1055 2596 enim
1082 2534 1218 2622 potest,

173 2653 298 2718 utrum
317 2643 424 2717 detur
439 2643 619 2740 ejusmodi
635 2642 799 2730 tertium,
812 2643 848 2716 h.
860 2669 892 2717 e.
910 2652 1035 2720 utrum
1054 2647 1219 2724 alterutri

174 2766 261 2840 insit
289 2765 388 2863 quod
422 2790 496 2840 non
522 2765 642 2839 estin
667 2765 833 2863 reliquo:
873 2775 911 2841 et
940 2768 1120 2847 dubitatio
1150 2774 1220 2849 ista

175 2913 250 2964 non
269 2886 442 2963 tollituri.

213 3118 221 3157 ¹
242 3116 310 3175 The
325 3114 407 3174 third
420 3115 482 3174 and
496 3114 598 3173 fourth
618 3112 741 3173 (lenone
760 3116 854 3175 relate
874 3124 907 3176 to
925 3120 1098 3181 conditione
1120 3124 1221 3183 under

173 3213 272 3272 which
287 3231 328 3272 no
343 3213 500 3290 syllogism
514 3231 570 3270 ean
583 3212 668 3270 exiet.
712 3213 816 3271 “Two
830 3215 942 3292 things,
957 3215 1055 3276 which
1074 3219 1219 3280 bevenot

173 3327 192 3368 a
204 3310 293 3384 point
303 3309 335 3366 in
350 3326 501 3375 common,
514 3326 564 3367 are
575 3308 681 3384 totally
691 3308 843 3368 distinct.”
885 3312 984 3371 “Two
996 3314 1108 3391 things,
1122 3316 1219 3376 which

173 3404 249 3463 have
264 3411 320 3462 not
333 3422 352 3462 e
364 3404 452 3479 point
465 3401 499 3461 ol
510 3401 681 3469 difference,
693 3421 744 3461 ere
758 3401 1083 3481 undietinguiehable.''
1124 3409 1187 3467 But
1197 3409 1222 3468 il

173 3500 258 3559 there
272 3501 300 3558 is
314 3517 355 3557 no
370 3500 445 3558 such
458 3499 555 3574 point,
569 3499 656 3558 there
670 3499 696 3556 ie
711 3517 752 3557 no
767 3498 882 3558 middle
897 3507 984 3569 term,
997 3502 1057 3560 and
1069 3503 1219 3564 therefore

174 3615 214 3656 no
230 3597 397 3675 syllogiem.

213 3694 225 3726 ¹
246 3694 314 3752 The
334 3692 403 3752 fifth
424 3693 484 3752 and
505 3693 586 3752 sixth
607 3691 731 3753 Oenone
752 3695 846 3752 relate
870 3701 902 3752 to
926 3694 1099 3754 conditione
1120 3696 1218 3756 under

175 3790 271 3850 which
298 3807 341 3849 no
370 3789 526 3867 syllogism
554 3791 618 3848 doce
645 3791 730 3848 exist.
783 3789 845 3848 “Il
872 3809 914 3850 no
941 3792 1029 3866 point
1054 3793 1110 3852 hee
1138 3794 1217 3854 been

172 3886 324 3964 assigned,
346 3887 483 3946 whether
503 3885 538 3944 ol
558 3889 733 3964 agreement
753 3904 788 3944 or
808 3886 998 3947 difference.”
1038 3889 1101 3947 But
1125 3888 1151 3947 if
1172 3908 1216 3958 eo,

172 3987 257 4044 there
272 3985 299 4042 is
313 4001 354 4042 no
369 3983 536 4059 syllogiem.

213 4081 322 4140 Hence
344 4081 431 4138 theee
452 4078 520 4137 four
540 4085 652 4138 cannot
671 4078 709 4137 be
731 4077 828 4142 called
850 4077 974 4138 Oenone
996 4077 1030 4138 ol
1051 4079 1216 4157 syllogiem.

173 4178 261 4256 They
282 4195 352 4253 may
372 4176 411 4234 be
436 4174 544 4242 ueesul¹
570 4174 715 4242 however,
738 4173 785 4233 lor
809 4175 986 4252 exemining
1010 4175 1061 4233 the
1087 4175 1218 4252 illogical

173 4275 324 4350 positione
339 4272 374 4330 of
383 4291 422 4331 an
437 4279 602 4347 opponent.
