3142 4976
592 502 820 554 uunrueurn.
1159 484 1228 556 113

178 695 221 744 ac
255 673 457 772 percipitur
491 701 678 752 assensum
714 681 891 777 imperat;
932 688 985 768 ut,
1021 680 1146 756 Totum
1177 693 1228 756 ert

178 799 291 892 major
319 823 384 872 aaa
415 813 545 896 porte:
582 802 717 890 Dubio,
744 803 781 876 in
812 828 886 901 qua
915 805 1108 893 haeremus,
1139 830 1223 881 cum

177 919 271 995 illius
288 946 372 1020 pars
390 933 548 1021 utraque
572 925 677 999 vaide
701 950 740 999 se
765 927 896 1023 probet
917 927 1142 1014 intellectum
1171 937 1224 1016 ut,

176 1045 290 1120 Astra
306 1061 437 1146 regunt
453 1049 607 1124 homines
616 1079 631 1135 ;
657 1074 743 1124 uam
761 1060 799 1125 et
816 1075 942 1149 regere
956 1060 994 1125 et
1007 1076 1081 1126 non
1096 1077 1223 1150 regere

179 1166 359 1243 videntur.

229 1291 422 1367 Dubitanti
456 1294 575 1392 siquid
610 1295 709 1370 aliud
742 1308 923 1385 occurrat,
951 1322 1025 1395 quo
1059 1299 1224 1396 pendeus

177 1416 319 1491 animus
353 1419 389 1490 in
426 1419 638 1494 alterutram
673 1429 815 1519 partem
849 1421 1088 1520 propendeat,
1122 1423 1223 1521 quod

177 1552 255 1615 erat
279 1541 442 1617 Dubium
466 1542 510 1616 fit
530 1541 752 1619 Probabile.
805 1545 854 1618 Et
870 1553 1005 1642 potest,
1022 1546 1124 1642 quod
1140 1571 1384 1645 pro-raanan.

176 1665 296 1753 batur,
321 1666 447 1741 Verum
465 1690 557 1754 esse,
574 1668 640 1741 sed
660 1666 830 1765 probanti
853 1677 1000 1743 tantum
1031 1671 1225 1746 Verisimile

176 1800 242 1866 est
295 1790 426 1866 Multis
450 1791 685 1865 nihilominus
708 1793 927 1866 assentimur
950 1793 1021 1867 isto
1045 1795 1169 1883 modo,
1187 1804 1225 1869 et

177 1915 340 1988 assensui
358 1938 494 1987 nomen
514 1922 570 1988 est
590 1914 718 2012 Opinio
726 1923 747 1988 ⁰.

227 2038 297 2112 Est
312 2039 424 2136 igitur
440 2038 568 2136 Opinio
581 2038 840 2139 propositionis
859 2053 995 2116 tontum
1007 2044 1364 2179 probabilimpnpppn,

176 2161 284 2258 eique
314 2161 416 2236 nulla
446 2163 623 2260 competit
652 2163 857 2248 certitudo;
897 2165 1027 2240 sedin
1058 2165 1139 2264 ipsa
1166 2164 1256 2242 sui'
1301 2163 1343 2179 '⁸

175 2287 316 2370 ratione
350 2286 505 2360 includit
525 2287 757 2383 formidinem
791 2290 952 2386 oppositi.
1008 2289 1104 2362 Sunt
1138 2291 1224 2389 Opi-

175 2409 276 2483 nioni
302 2417 426 2484 tamen
457 2410 601 2485 Gradus
628 2412 776 2510 quidam
804 2413 854 2484 od
877 2412 1130 2499 certitudinem,
1155 2437 1224 2512 pro

175 2533 321 2608 diverso
344 2534 508 2631 pondere
531 2535 715 2608 rationum
740 2559 824 2632 quae
848 2557 1035 2608 assensum
1060 2546 1224 2623 movent,

177 2657 320 2733 diversi.
373 2659 441 2732 Est
465 2658 564 2757 quod
589 2658 772 2746 omnibus,
790 2660 891 2755 quod
910 2658 1105 2757 plerisque,
1123 2661 1384 2759 quadratura.

175 2782 400 2880 sapientibus
419 2782 583 2867 videtum
612 2793 650 2857 et
667 2781 768 2881 quod
786 2783 921 2857 horum
940 2783 1104 2878 singulis,
1121 2786 1224 2881 quod

175 2906 372 3004 plerisque,
408 2904 507 3002 quod
548 2907 814 2993 celeberrimis;
860 2931 1019 3004 quorum
1059 2909 1223 2982 omnium

175 3031 299 3128 dispar
328 3041 385 3104 est
416 3030 673 3128 probabilitas;
715 3032 960 3128 quorumdam
992 3057 1078 3106 vero
1109 3043 1224 3122 tanta,

174 3165 219 3229 ut
235 3156 281 3230 ad
300 3153 558 3230 certitudinem
578 3155 874 3268 quamproxime
892 3155 1056 3230 accedat.

227 3384 260 3482 §.
279 3384 314 3458 2.
349 3385 426 3466 Qur
454 3383 661 3481 Opinionem
679 3383 733 3479 (h.
753 3407 783 3456 e.
809 3405 997 3456 assensum
1023 3384 1224 3481 quemlibet

174 3507 328 3583 scientia
363 3508 560 3602 minorem)
595 3507 701 3606 parit,
737 3505 978 3604 syllogismus
1018 3507 1223 3606 appellatur

214 3723 356 3797 1’Ἓινδοξο
373 3727 401 3782 δι’
419 3727 452 3781 τὰ
469 3727 592 3781 δοκοῦντα
608 3727 690 3781 πᾶσιν
706 3723 721 3795 ἢ
740 3726 794 3782 τοῖς
810 3725 946 3782 πλείστοις
958 3724 974 3796 ἦ
987 3727 1041 3782 τοῖς
1059 3727 1164 3798 σοφοῖς,
1180 3727 1221 3782 καί

173 3822 274 3883 τούτοις
285 3824 301 3894 ἢ
313 3825 395 3881 πᾶσιν
407 3821 422 3893 ἢ
436 3825 489 3879 τοῖς
506 3821 642 3878 πλείστας
657 3819 672 3890 i
685 3823 739 3878 τοῖς
755 3821 871 3892 μάλιστα
887 3821 1024 3894 γνωρίμοις
1041 3823 1082 3877 κοί
1100 3823 1222 3892 ἐνδόξοις.

173 3915 264 3976 Arist
280 3916 358 3994 Top.
373 3915 392 3972 i.
410 3919 436 3972 1.
451 3917 481 3972 8.
522 3913 606 3974 Suoh
626 3913 832 3990 propositione
853 3911 930 3971 form
952 3914 1004 3972 the
1025 3916 1173 3990 promises
1190 3914 1226 3974 oi

174 4011 343 4072 dialectioal
358 4010 540 4088 syllogisms.

212 4115 223 4140 '
244 4111 365 4166 Arinem
383 4110 461 4179 δόξαν
479 4105 544 4182 rima
558 4109 618 4180 περί
635 4109 666 4162 τὸ
682 4107 777 4176 ὀληθὲς
794 4109 842 4179 μέν
859 4107 874 4179 ί
891 4109 998 4181 ψεῦδος,
1012 4109 1178 4182 ίνῠιχόμινον
1192 4110 1220 4164 δι’

171 4207 214 4262 κοί
232 4205 321 4264 ἄλλοις
340 4207 417 4278 ἔχειν.
457 4207 539 4259 Τοῦτο
557 4203 580 4258 δ’
593 4204 666 4258 ἐστίν
683 4203 816 4276 ὑπόληψις
834 4207 878 4273 τῆς
896 4204 994 4274 ἄμίσοο
1012 4207 1163 4276 προτάσιως
1180 4207 1220 4260 troi

172 4302 206 4371 μὴ
220 4301 366 4374 meatur.
407 4297 493 4355 Anal.
510 4296 591 4354 Post.
608 4297 626 4353 i.
642 4298 688 4354 33.
705 4299 732 4352 2.

691 4424 701 4470 1
