3128 4976
359 431 407 502 52
754 447 860 498 ansts
878 449 1016 500 acorem

361 627 571 726 symbolum
588 625 701 699 habet
722 627 779 710 A;
808 649 946 723 negans
971 624 1025 696 E:
1053 620 1286 696 Particularis
1310 619 1406 692 affir-

361 775 467 828 mans
484 749 692 848 symbolum
711 750 753 835 1;
781 763 920 844 negans
938 749 982 822 O.
1088 847 1095 856 .
1178 755 1185 760 '

414 883 553 956 Assmit
570 881 634 964 A;
660 891 769 979 negot
786 880 850 953 E:
884 878 1138 952 Unioerscliter
1154 878 1275 951 omdoe.

414 1005 552 1079 Asserit
571 1003 619 1090 l;
645 1017 749 1098 nepot
771 1002 827 1076 0.·
852 1003 915 1076 scd
928 1001 1208 1074 Particulariter
1224 1001 1352 1074 embol.

415 1140 459 1212 ln
478 1135 696 1222 Universali,
710 1136 853 1232 signum
868 1135 1054 1208 affirmans
1068 1134 1250 1208 distribuit
1261 1143 1407 1206 tantum

364 1264 622 1361 Subjectumv:
663 1261 826 1356 Negans,
860 1261 969 1333 etiam
1000 1260 1257 1334 Praedicatum.
1311 1261 1406 1332 Nam

363 1399 406 1462 ut
432 1412 560 1462 verum
584 1387 630 1460 sit
657 1383 767 1458 Omne
787 1409 809 1456 c
826 1396 877 1457 est
901 1383 933 1469 d,
958 1385 1092 1457 sufficit
1114 1384 1265 1481 aliquod
1282 1384 1303 1456 d
1321 1408 1409 1456 con-

267 1590 271 1596 ,
364 1511 487 1585 venire
511 1511 611 1584 omni
635 1535 682 1582 a:
708 1508 772 1581 sed
795 1507 929 1581 salsum
953 1520 1010 1582 est
1032 1511 1163 1583 nullum
1187 1535 1210 1582 c
1232 1533 1305 1582 esse
1327 1508 1360 1595 d,
1378 1509 1408 1580 si

365 1634 424 1707 vel
453 1632 602 1728 aliquod
632 1633 652 1705 d
683 1631 878 1706 conveniat
907 1632 1015 1706 alicui
1045 1657 1078 1704 a.
1131 1632 1272 1704 Eodem
1303 1655 1409 1728 argu-

365 1765 503 1841 ment0,
521 1765 563 1827 ut
586 1755 634 1825 sit
656 1777 783 1825 verum
809 1753 968 1850 Aliquod
983 1779 1006 1825 o
1022 1767 1074 1827 est
1092 1755 1125 1840 b,
1142 1755 1275 1828 sufficit
1298 1755 1327 1826 si
1351 1755 1407 1826 vel

365 1877 514 1976 aliquod
532 1877 552 1949 d
571 1877 766 1951 conveniat
788 1877 895 1951 alicui
912 1901 961 1950 c:
987 1876 1051 1949 sed
1073 1875 1204 1950 salsum
1229 1887 1285 1950 est
1308 1878 1409 1973 quod

366 2003 512 2099 aliquod
527 2027 551 2074 a
567 2026 635 2075 aaa
653 2013 704 2074 est
722 2001 755 2087 b,
772 2001 841 2074 nisi
863 1999 951 2072 illud
970 2025 992 2072 c
1009 2000 1154 2076 differat
1171 2026 1194 2074 a
1210 2002 1340 2099 quovis
1362 2003 1409 2076 b.¹

368 2127 420 2199 Et
437 2125 589 2223 proinde

407 2320 420 2354 1²
442 2307 491 2366 On
507 2307 591 2365 these
605 2305 684 2363 lines
699 2305 806 2364 Wsllis
824 2306 967 2373 remarks,
985 2305 1093 2364 “Nam
1113 2315 1176 2365 tam
1197 2315 1283 2364 erant
1303 2305 1411 2364 soliciti

369 2405 407 2464 dc
436 2405 619 2481 syllabarum
648 2405 825 2478 quantitate,
852 2410 904 2461 aut
931 2411 1091 2479 syntaxeos
1115 2404 1241 2471 ratione,
1264 2421 1355 2479 quam
1381 2411 1414 2460 ut
1534 2403 1535 2430 ³

369 2501 544 2578 Rhythmus
565 2508 684 2558 constet
703 2506 755 2558 aut
772 2499 972 2572 ὀμοιοτέλευτον.
1013 2499 1074 2558 Alii
1091 2508 1202 2566 tamen,
1217 2517 1277 2574 quo
1297 2505 1415 2557 constet

369 2617 483 2666 versus,
498 2615 553 2673 pro
566 2598 613 2654 aad
629 2597 833 2662 cnivasalitca
849 2594 1040 2652 substituunt
1057 2615 1150 2653 sevam
1170 2597 1356 2669 pancratian-
1376 2602 1413 2660 et,

370 2711 430 2768 quo
446 2691 571 2769 Syntaxi
584 2690 794 2765 prospiciatur,
810 2707 865 2764 pro
877 2691 966 2756 ambo,
979 2689 1117 2765 neglecto
1128 2689 1292 2766 Rhythmo,
1308 2689 1414 2748 substi-

315 2805 325 2824 ·
371 2787 579 2850 mentando:
599 2785 796 2859 respicientes
807 2801 911 2841 vocem
926 2784 1180 2853 subintellectam,
1192 2785 1416 2860 propositiones.''

409 2894 421 2928 v
442 2881 480 2936 In
495 2881 669 2955 opposition
690 2887 720 2936 to
741 2880 811 2946 this,
827 2879 880 2936 the
895 2880 1006 2938 almost
1023 2881 1210 2938 unanimous
1230 2879 1366 2938 doctrine
1385 2879 1418 2938 ol

370 2974 483 3032 former
495 2974 668 3050 Logiciens,
684 2975 736 3032 the
751 2975 824 3032 New
839 2975 978 3052 Analytic
994 2973 1028 3032 os
1045 2976 1093 3034 Sir
1106 2976 1240 3034 William
1256 2976 1414 3034 Hamilton

369 3071 397 3128 is
413 3068 547 3128 founded
561 3087 603 3127 on
622 3070 674 3127 the
696 3070 845 3146 principle
865 3071 932 3129 that
950 3072 1025 3129 both
1044 3079 1138 3130 terms
1157 3073 1191 3130 in
1210 3091 1298 3148 every
1312 3091 1415 3150 propo

371 3166 464 3224 sition
492 3166 568 3223 have
596 3182 615 3222 a
641 3165 842 3224 determinate
870 3168 1010 3243 quantity
1037 3168 1146 3244 always
1174 3167 1361 3227 understood
1386 3170 1415 3226 in
1534 3155 1535 3182 ¹

372 3261 511 3337 thought,
526 3259 587 3318 and
602 3260 700 3318 which
720 3261 816 3337 ought
832 3269 863 3318 to
878 3261 916 3319 be
935 3262 1098 3336 expressed
1112 3264 1144 3320 in
1159 3264 1265 3322 words.
1308 3264 1418 3322 Thata

372 3355 539 3433 quantified
560 3354 713 3432 predicate
738 3365 822 3416 must
844 3358 882 3416 be
904 3356 1062 3426 admitted,
1086 3360 1118 3416 in
1142 3360 1256 3418 certain
1281 3377 1366 3418 cases
1390 3367 1419 3418 at

371 3453 457 3523 least,
480 3469 513 3512 as
538 3471 577 3511 an
597 3453 734 3512 addition
760 3462 791 3512 to
818 3454 869 3511 the
895 3453 1036 3530 ordinary
1058 3454 1168 3532 logical
1193 3455 1296 3523 forms,
1319 3455 1345 3513 is
1367 3473 1418 3513 un·

371 3548 600 3622 questionable;
622 3549 679 3606 but
692 3549 731 3606 its
746 3549 920 3624 systematis
931 3548 1138 3608 introduction
1150 3551 1214 3608 into
1231 3551 1282 3607 the
1296 3557 1418 3624 present
1534 3527 1535 3574 f

373 3643 452 3700 work
467 3641 567 3700 would
588 3651 642 3700 not
661 3644 698 3701 be
721 3644 856 3717 possible
877 3645 1004 3702 without
1017 3664 1035 3705 a
1049 3646 1199 3722 complete
1219 3645 1373 3722 rewriting
1391 3644 1423 3703 ol

373 3735 521 3793 Aldrich's
536 3743 608 3793 text.

414 3829 567 3888 rhldrich
589 3848 727 3889 assumes
749 3833 800 3890 the
822 3833 1019 3894 distribution
1040 3834 1076 3892 ol
1097 3835 1149 3893 the
1172 3834 1326 3911 predicate
1348 3834 1380 3892 in
1402 3852 1418 3891 a

372 3925 521 4002 negative,
536 3933 567 3982 to
588 3933 678 3999 prove
701 3927 752 3985 the
774 3929 882 4004 simple
904 3931 1083 3989 conversion
1102 3929 1137 3988 ol
1154 3931 1190 3988 E.
1233 3930 1338 3988 These
1353 3929 1416 3986 who

374 4019 467 4095 adopt
481 4018 647 4076 Aristotlc's
661 4021 751 4094 proof
768 4021 803 4079 os
820 4024 871 4081 the
885 4024 983 4094 latter,
999 4027 1064 4102 (see
1078 4027 1183 4094 below,
1198 4045 1227 4102 p.
1245 4029 1305 4101 dl.)
1321 4024 1418 4102 might

374 4113 489 4172 deduce
518 4113 569 4170 the
593 4113 706 4172 former
730 4115 807 4174 from
834 4118 865 4174 it.
907 4118 989 4178 Both
1013 4121 1152 4180 however
1176 4141 1244 4200 may
1269 4122 1356 4199 fairly
1378 4122 1415 4180 be

374 4210 499 4269 allowed
514 4217 545 4268 to
560 4209 649 4268 stand
665 4227 706 4268 on
721 4211 800 4270 their
814 4231 881 4272 own
896 4214 1047 4275 evidence.
