3128 4976
599 489 828 543 nunrusurs.
1187 469 1236 542 99

184 663 387 759 sequentia,
405 663 492 740 licet
515 665 626 754 bona,
645 689 719 742 non
745 666 816 741 erit
837 666 1059 742 immediata.
1111 668 1235 764 Atque

184 784 247 860 illo
272 786 423 884 insuper
448 787 591 864 laborat
617 789 817 888 disputatio
845 789 964 864 omnis
991 815 1039 866 ex
1067 789 1237 888 obliquis,

186 911 284 1007 quod
302 922 438 1010 praeter
454 915 711 990 necessitatem
729 915 846 1013 aperit
863 915 987 990 locum
1005 915 1171 992 lallaciae.

234 1034 271 1110 3.
298 1035 460 1116 Quando
489 1037 692 1136 propositio
722 1038 845 1135 aliqua
866 1038 1079 1137 intelligitur
1104 1047 1236 1114 contra

185 1181 298 1256 quam
332 1169 453 1247 sonat,
487 1185 519 1236 e.
553 1184 588 1258 g.
626 1162 733 1249 Quod
763 1188 832 1236 uon
868 1162 973 1236 tolet
1009 1175 1133 1260 portes
1165 1189 1235 1240 noo

183 1282 305 1357 interit
330 1309 398 1381 per
421 1285 680 1362 dissolutionem
703 1286 889 1384 portiom:
923 1285 1058 1360 Animo
1082 1287 1235 1360 humone

182 1431 250 1480 uos
273 1405 378 1481 lohet
396 1421 546 1506 partes:
589 1433 677 1507 ergo
705 1411 824 1484 animo
846 1409 999 1484 humano
1020 1434 1089 1484 uon
1113 1409 1235 1484 interit

178 1555 244 1626 per
260 1531 520 1608 dissolutionem
532 1533 702 1631 portium.
756 1533 853 1608 Nom
867 1533 986 1629 major
998 1542 1107 1607 sonat
1123 1556 1235 1630 nega·

180 1653 267 1740 tive,
284 1654 499 1753 intelligitur
521 1681 609 1731 vero
633 1657 838 1732 affirmate:
863 1665 966 1754 puta,
986 1655 1092 1743 Quod
1112 1658 1233 1732 interit

181 1780 244 1852 hc.
262 1779 367 1853 lubet
378 1793 514 1876 portos.
567 1781 638 1855 Vel
655 1782 765 1856 etiam
789 1780 947 1878 singula,
964 1781 1231 1880 propositiones

178 1903 438 2000 intelliguntur
471 1904 664 1993 affirmate,
699 1930 742 1980 ac
777 1905 808 1979 si
841 1914 938 1980 esset
977 1905 1231 2005 syllogismus,

181 2026 292 2102 Omne
308 2051 435 2124 expers
457 2039 509 2102 est
531 2027 820 2126 conruptione:
845 2028 978 2103 Anima
1002 2031 1155 2104 humanu
1178 2043 1231 2104 est

176 2175 303 2248 expers
312 2178 328 2234 ,·
351 2174 440 2249 ergo
458 2150 577 2224 anima
594 2150 747 2225 humano
764 2163 817 2225 est
834 2152 1120 2249 incorruptibilis.

228 2273 374 2347 Eodem
417 2274 604 2348 accenseri
646 2284 804 2372 possunt
847 2273 1056 2372 Syllogismi
1101 2275 1229 2371 quales

176 2398 326 2473 Autbor
339 2397 443 2472 Artis
459 2399 674 2498 Cogitanti*
687 2406 796 2472 vocat
809 2397 1031 2496 Complacos,
1043 2398 1081 2472 in
1095 2399 1229 2496 quibus

175 2521 285 2594 etism
321 2521 555 2619 dijudicandis
584 2521 770 2618 jactasse
801 2519 888 2593 satis
918 2521 1099 2618 imperite.
1128 2546 1162 2595 v.
1192 2546 1227 2620 g.

174 2669 210 2742 p.
232 2643 316 2718 164.
333 2643 461 2718 laudat
477 2644 580 2719 hunc
599 2642 875 2741 syllogismum,
893 2643 974 2718 Lex
991 2645 1109 2719 divim
1123 2645 1228 2742 juber

173 2767 293 2866 Reges
322 2767 490 2842 muman·
501 2798 516 2853 ,·
556 2767 755 2841 Ludooioos
784 2767 891 2840 XIV
914 2779 967 2841 est
997 2767 1104 2853 ms·
1138 2791 1227 2866 ergo

174 2889 255 2964 Les
283 2890 403 2966 divino
421 2891 525 2987 jubet
553 2890 769 2964 Ludoos'cum
796 2890 904 2966 XIV
924 2891 1102 2966 honorari.
1153 2892 1226 2966 Ubi

173 3014 272 3088 valet
296 3023 398 3089 certe
420 3015 714 3112 Argumentum
751 3014 992 3113 Syllogismus
1018 3026 1141 3090 tamen
1169 3025 1227 3092 est

211 3325 224 3350 ¹
244 3313 358 3372 Auctor
377 3314 457 3372 Artis
478 3311 640 3388 Copitonds'.
682 3313 751 3371 The
773 3311 854 3370 work
875 3311 998 3370 alludod
1020 3321 1051 3370 to
1072 3315 1099 3372 is
1119 3324 1136 3348 ‘¹
1149 3314 1225 3372 l’lst

171 3407 209 3467 de
233 3410 373 3484 penser,'’
393 3409 568 3485 commonly
588 3407 685 3467 called
710 3407 762 3466 the
788 3405 969 3482 PortRoyal
994 3407 1098 3484 Legio.
1145 3407 1223 3468 This

171 3503 252 3562 work
276 3504 333 3562 hos
357 3503 436 3562 been
460 3503 597 3562 ascribed
622 3509 653 3562 to
678 3503 798 3562 various
823 3501 959 3568 authors,
981 3500 1037 3560 hut
1056 3519 1117 3560 was
1143 3511 1224 3560 most

170 3598 318 3675 probably
338 3599 458 3656 written
478 3599 519 3675 by
539 3596 686 3665 Arnauld,
708 3597 840 3658 assisted
863 3597 904 3674 by
925 3597 1049 3656 Nioole:
1083 3597 1136 3656 the
1156 3596 1224 3657 first

170 3692 286 3752 edition
298 3711 359 3752 uss
372 3692 537 3768 publishod
551 3701 582 3751 at
596 3693 681 3752 Paris
696 3694 728 3751 in
748 3695 833 3752 1662.
874 3692 1001 3752 Aldrich
1014 3691 1071 3752 hos
1082 3711 1123 3751 on
1137 3711 1222 3752 mora

169 3789 245 3848 than
259 3806 318 3848 one
333 3789 472 3849 occasion
488 3788 604 3864 spoken
619 3796 670 3847 too
685 3789 864 3867 slightingly
876 3788 912 3848 ol
922 3789 983 3846 this
998 3807 1069 3866 very
1082 3789 1222 3848 valuable

168 3885 260 3954 work,
282 3885 335 3944 tho
356 3885 452 3962 Logic
468 3905 527 3960 por
546 3887 694 3944 musore
714 3884 749 3944 ol
770 3887 822 3945 the
844 3886 1002 3945 Gartssian
1024 3885 1219 3962 Philosophy.

168 3981 229 4040 For
242 3999 261 4040 a
274 3981 374 4040 bettar
392 3982 532 4041 estimato
552 3981 587 4040 ol
603 3982 643 4040 its
662 3983 777 4050 merite,
792 3981 845 4040 the
863 3981 971 4040 reader
989 3981 1016 4038 is
1035 3979 1168 4040 referred
1187 3988 1219 4039 to

168 4077 321 4136 Stenart‘s
341 4076 540 4152 Pteliminsry
555 4075 760 4134 Dissertation
780 4083 810 4134 to
830 4075 882 4134 the
902 4075 1138 4152 Encyclopordia
1154 4073 1218 4132 Bri-

166 4173 298 4240 tannica
321 4190 350 4247 p.
373 4175 421 4230 80.
443 4171 504 4229 and
525 4179 556 4230 to
577 4171 629 4231 the
650 4170 864 4232 Introduction
889 4179 920 4230 to
945 4171 997 4230 the
1023 4177 1129 4229 recent
1150 4168 1218 4228 able

165 4268 363 4328 'translation
377 4266 412 4327 of
422 4267 474 4326 tha
489 4267 668 4344 PortRoyal
682 4267 786 4345 Logic,
802 4267 841 4344 by
856 4267 914 4325 Mr.
929 4265 1062 4343 Bsynes.

664 4372 730 4443 112
