3142 4976
348 423 416 496 154
772 447 966 500 arrunnrx.

342 622 526 710 relictum,
559 631 602 696 ut
644 645 731 720 quae
773 635 861 698 sunt
894 624 1074 698 haetenus
1111 623 1305 722 explicata,
1338 619 1391 694 illi

343 747 529 844 explicent
544 747 582 820 in
602 747 843 844 syllogismos
859 772 1048 824 conversa
1100 748 1282 845 Exempla
1299 748 1392 820 Gas-

343 871 448 946 sendi
473 895 520 944 ne
545 871 754 946 desiderent
779 872 844 969 qui
869 873 963 946 libro
989 883 1128 959 carent,
1152 895 1225 946 non
1251 871 1392 970 pigebit

343 995 560 1070 exscribere.

393 1121 604 1210 Dominum,
638 1113 840 1218 Κνριεύων.
895 1122 1155 1198 Themistoclis
1191 1123 1287 1200 filius
1320 1149 1390 1198 nec

343 1247 484 1321 Groecis
500 1246 667 1344 imperat,
679 1271 749 1320 nee
767 1247 813 1320 de
829 1247 1044 1345 imperando
1062 1248 1224 1344 cogitat:
1249 1247 1389 1322 Verum

341 1371 496 1468 imperat
540 1370 665 1457 Matri,
703 1395 789 1467 quae
832 1371 989 1469 imperat
1030 1371 1281 1458 Themistocli,
1323 1371 1389 1468 qui

343 1495 482 1570 Graenis
499 1495 676 1592 imperat;
704 1495 922 1570 Domiaatnr
937 1496 1061 1592 itaque
1083 1496 1237 1584 Graecis,
1253 1509 1289 1569 et
1305 1521 1391 1570 noa-

342 1619 572 1694 dominaturt

395 1746 591 1844 conteiens
616 1739 822 1842 Περαίνων.
878 1746 1040 1822 Multum
1070 1747 1209 1820 itineris
1238 1747 1390 1843 conficit,

341 1884 376 1946 et
401 1896 470 1944 non
495 1870 634 1967 conficit
660 1871 783 1957 Canis,
809 1872 871 1968 qui
897 1872 934 1944 in
964 1885 1048 1944 rota
1072 1871 1242 1969 gradiem
1265 1882 1389 1945 totum

343 1994 453 2080 diem,
470 2017 518 2068 ex
535 1993 665 2068 eodem
684 2003 806 2067 tamen
825 1995 907 2068 loeo
926 2017 1000 2068 non
1018 1993 1167 2067 recedit.

395 2109 1390 2218 ΒνρεφωίιωνοΙδυρπίαίὶοω,Ὺπερθετικὸς“,801111

341 2244 439 2320 torre
463 2244 603 2328 affinis;
631 2243 685 2316 Ut
709 2243 739 2316 si
763 2267 872 2341 roges
898 2254 1015 2340 quota
1036 2245 1084 2318 sit
1109 2245 1228 2341 palea,
1249 2269 1333 2341 quoe
1359 2244 1390 2318 si

343 2367 443 2440 mulo
460 2367 779 2463 super-imponatur
794 2366 855 2440 ille
873 2367 975 2441 oneri
993 2369 1238 2442 succumbat?

395 2493 539 2581 Nallm,
555 2486 682 2570 Οὖτις.
737 2493 863 2566 Homo
880 2493 917 2566 in
936 2493 1136 2568 Communi
1156 2518 1225 2568 nec
1242 2503 1300 2568 est
1316 2494 1389 2582 hic,

344 2640 412 2690 nec
437 2616 510 2704 ille,
527 2642 596 2691 nec
621 2617 714 2690 alius
739 2616 852 2690 homo
877 2616 1081 2714 singularis,
1103 2617 1203 2714 Ergo
1229 2617 1389 2692 Nullust

383 2824 395 2860 ¹³
416 2812 484 2871 'I'he
498 2811 643 2870 anecdota
658 2813 684 2870 is
698 2811 885 2878 mentioned,
901 2810 958 2870 but
970 2811 1098 2870 without
1116 2830 1175 2889 any
1189 2811 1342 2870 reference
1357 2821 1388 2871 to

343 2907 404 2966 this
428 2907 544 2984 fallacy,
570 2907 608 2983 by
630 2907 783 2974 Plutarch,
809 2907 853 2965 De
874 2907 937 2966 Lila
958 2908 1052 2966 Educ.
1075 2925 1101 2966 c.
1124 2911 1151 2965 Β.
1186 2909 1389 2983 Apophtlrepm,

342 3023 373 3081 p.
397 3007 462 3064 181.
506 3005 563 3062 Vit.
587 3004 651 3063 Oet.
671 3004 743 3081 Maj.
763 3022 787 3061 e.
809 3007 837 3062 8.
879 3004 947 3062 The
969 3005 1091 3081 Fallaey
1109 3007 1240 3080 Κνριεῦω
1260 3004 1286 3062 is
1307 3023 1390 3064 men·

343 3101 448 3161 tioued
472 3101 512 3178 by
533 3101 646 3160 several
667 3102 792 3169 writers,
813 3101 870 3160 but
892 3108 948 3160 not
973 3101 1047 3178 fully
1072 3099 1231 3178 explained
1256 3101 1297 3179 by
1320 3119 1389 3179 any.

344 3197 389 3258 Os.
411 3198 529 3265 Arrian,
551 3198 672 3272 Epicteti
692 3198 809 3257 Dissert.
831 3199 862 3256 ii.
888 3200 932 3256 19.
974 3198 1101 3264 Lucian,
1125 3199 1178 3256 Vn.
1197 3200 1282 3257 Aroet.
1300 3216 1326 3256 e.
1342 3201 1390 3256 22.

344 3294 495 3362 Plutarch,
521 3293 647 3370 Sympoa.
667 3294 693 3352 1.
719 3295 738 3352 i.
763 3297 792 3353 t.
828 3295 958 3363 Gellius,
985 3295 1066 3352 Noet
1092 3296 1151 3352 Att.
1177 3293 1203 3352 1.
1218 3297 1246 3351 2.
1287 3293 1349 3352 For
1373 3312 1392 3353 a

343 3391 515 3450 discussion
529 3391 714 3468 concerning
728 3390 760 3458 it,
776 3407 826 3448 see
840 3391 888 3448 W.
900 3389 936 3448 A.
946 3390 1063 3458 Butler,
1078 3391 1205 3448 Lectnrea
1218 3407 1256 3447 on
1269 3391 1391 3448 Ardent

343 3487 526 3564 Philosophy,
548 3486 573 3544 I.
596 3505 624 3562 p.
644 3490 714 3544 411.
755 3485 787 3543 It
806 3485 953 3562 probably
974 3485 1095 3544 derived
1116 3487 1156 3544 its
1176 3503 1267 3544 name
1288 3485 1391 3546 rather

343 3580 421 3639 from
437 3583 476 3640 its
490 3579 644 3657 supposed
661 3580 778 3657 dignity
792 3599 825 3638 as
845 3599 884 3638 an
903 3590 1064 3658 argument
1082 3581 1166 3648 than,
1180 3599 1215 3639 as
1235 3580 1389 3640 Gassendi

343 3677 540 3754 conjectures,
556 3677 632 3735 lrom
648 3677 699 3734 the
714 3679 852 3735 mention
867 3677 902 3735 ol
918 3679 1038 3736 aruler.
1082 3677 1149 3736 The
1169 3695 1252 3735 same
1267 3695 1336 3754 may
1351 3677 1389 3735 be

343 3773 408 3832 said
423 3773 458 3832 oi
469 3773 519 3831 the
533 3777 666 3845 Περαίνων
679 3791 713 3831 or
726 3775 879 3832 conclusive
893 3775 1038 3850 sophiam.

381 3869 492 3927 rThis
519 3867 691 3942 conjecture
718 3868 753 3926 ol
778 3869 953 3929 Gassendi's
978 3871 1004 3929 is
1033 3869 1167 3929 founded
1192 3887 1233 3928 on
1258 3869 1311 3929 the
1336 3867 1388 3930 old

342 3963 470 4041 reading
496 3963 531 4022 ο1
555 3963 722 4038 Epictetus,
748 3963 823 4023 Dira.
849 3965 911 4023 III.
936 3969 964 4023 2.
987 3966 1023 4033 o;
1055 3965 1154 4023 where
1178 3965 1318 4024 however
1342 3964 1388 4023 lor

342 4063 520 4135 ὑπιρθπικοὺς
533 4079 577 4118 we
591 4059 701 4118 should
714 4061 861 4138 probably
872 4060 944 4120 read
958 4063 1130 4121 ὑποθετιιοὺε.
1167 4061 1225 4120 See
1241 4063 1387 4139 Schweig-

343 4153 487 4211 haenser’s
501 4163 583 4220 note,
599 4153 697 4228 Epiet.
714 4165 787 4212 tom.
803 4157 832 4213 ii.
847 4175 917 4231 pars
933 4161 961 4214 2.
978 4175 1008 4231 p.
1024 4158 1092 4213 611.

385 4259 393 4282 ¹
414 4247 490 4305 This
513 4247 688 4306 sometimes
711 4267 837 4324 appears
858 4252 887 4307 in
909 4252 1037 4310 another
1056 4250 1142 4317 form,
1158 4269 1191 4310 as
1206 4269 1264 4310 one
1286 4251 1320 4310 nl'
1338 4253 1389 4310 the
