3142 4976
642 461 823 506 Apenanrx.

659 1031 756 1096 Nona
773 1034 813 1095 B.

548 1203 592 1248 ΟΝ
608 1201 678 1248 THE
695 1201 915 1248 cartaeorum.

253 1367 355 1432 Lrsns
372 1366 410 1431 of
427 1368 483 1447 the
500 1367 703 1449 Cetegories,
718 1387 808 1430 more
829 1386 867 1428 or
881 1367 949 1429 less
969 1365 1145 1450 eompletis,
1160 1385 1259 1430 oeeur

207 1479 243 1541 in
260 1477 413 1542 different
427 1488 518 1562 parts
534 1475 572 1540 of
583 1477 769 1541 Aristotle’s
784 1475 940 1538 works'in
956 1474 1092 1558 slightly
1104 1474 1258 1539 different

209 1587 380 1652 relations.
424 1587 497 1650 Τίου
519 1585 690 1667 following
712 1605 872 1669 passages
893 1605 969 1668 may
984 1584 1026 1648 be
1050 1584 1197 1648 selected
1219 1605 1256 1648 as

209 1697 266 1760 the
280 1684 458 1779 prinaipal.
501 1695 611 1779 Cateq.
627 1697 678 1760 ah.
697 1702 726 1759 4.
769 1699 833 1756 Τνῖν
849 1696 925 1756 κοντοὶ
943 1691 1077 1776 μηδεμίαν
1092 1695 1256 1774 συμπλοκὴν

209 1802 366 1890 λεγομένοιν
385 1801 504 1866 ἕκαστον
522 1802 581 1880 ἤτοι
597 1801 692 1867 οὐσίαν
707 1801 834 1886 σημαίνει
855 1803 871 1882 ἢ
890 1802 1005 1881 ποσδνῆ
1024 1802 1128 1880 ποιδνίη
1147 1801 1213 1890 τρίς
1227 1828 1255 1866 τι

209 1913 291 1992 ἢποῡ
305 1913 320 1990 ἢ
335 1911 404 1976 ποτε
418 1912 433 1990 θη
450 1912 555 1976 κεῖσθαι
571 1911 586 1990 δ
601 1911 677 1997 ἔχειν
692 1911 707 1989 ἢ
721 1915 805 1976 ποιεῖν
824 1912 839 1990 δ
855 1910 991 1998 πάσχειν.
1029 1911 1119 1978 Ἔστι
1134 1911 1163 1976 δὲ
1175 1911 1256 1976 οὐσία

209 2025 260 2108 μίν
285 2030 321 2100 οῖς
346 2025 424 2109 τόπῳ
447 2027 528 2088 εἰπεῖν
549 2025 603 2088 οίον
623 2023 773 2108 ἄνθρωπος,
794 2025 884 2098 ίτπος·
909 2025 994 2088 ποσθν
1016 2023 1043 2088 δὲ
1066 2026 1117 2089 οίον
1140 2024 1254 2112 δίπηχυ,

208 2137 345 2223 τρίπηχυ·
377 2136 452 2199 ποιδν
481 2133 509 2198 δὲ
538 2134 590 2200 οίον
619 2133 725 2214 λευκθν,
751 2133 964 2221 γραμματικόν·
997 2134 1063 2221 τρίς
1092 2161 1120 2199 τι
1149 2133 1177 2198 δὲ
1206 2135 1257 2198 οῖον

207 2245 364 2323 διπλάσιον,
387 2248 483 2326 ἥμισυ,
504 2249 603 2328 μεῖζον·
626 2252 679 2309 τοῦ
700 2245 728 2309 δὲ
750 2245 801 2310 οίον
823 2250 850 2310 ἐν
871 2248 992 2331 Λυκείῳ,
1013 2250 1040 2310 iv
1061 2249 1166 2334 ἀγορᾷ·
1189 2247 1258 2311 ποτὲ

207 2357 236 2423 di
249 2359 302 2423 οίον
315 2356 406 2444 ἐχθὲς,
421 2357 546 2446 πέρυσιν·
569 2359 676 2422 κεῖσθαι
694 2357 723 2422 δὲ
740 2359 793 2428 οῖον
815 2357 970 2438 εἰνάκειται,
988 2359 1115 2437 κάθηται·
1139 2359 1215 2445 ἔχειν
1229 2359 1257 2424 δὲ

207 2469 259 2532 οίον
281 2467 446 2549 θποδίδεται,
460 2467 614 2532 οθτλισται·
638 2471 721 2533 ποιεῖν
739 2471 768 2532 δὲ
789 2470 841 2533 οίον
860 2469 962 2552 τέμνει,
982 2469 1066 2533 καίει·
1089 2469 1215 2554 πάσχειν
1229 2470 1258 2534 δὲ

207 2579 260 2642 οίον
283 2577 425 2662 τέμνεται,
453 2578 572 2644 καίεται.
623 2581 653 2644 Τ
650 2584 731 2666 opio.
756 2583 777 2645 i.
803 2589 831 2645 9.
878 2585 964 2645 Μετὰ
989 2580 1077 2644 τοίνυν
1102 2588 1194 2646 ταῦτα
1218 2585 1258 2646 δεῖ

207 2692 379 2778 διορίσασθαι
394 2694 433 2752 τοὶ
447 2689 513 2776 γθνη
528 2697 583 2752 τοῖν
598 2695 782 2776 κατηγοριῶν,
798 2691 825 2752 ir
845 2689 882 2763 οίς
901 2689 1078 2777 ὑπάρχουσιν
1092 2697 1121 2754 αί
1135 2692 1254 2777 ῥηθεῖσαν

206 2799 347 2888 τίνταρες.
385 2797 478 2863 Ἐστι
493 2797 628 2862 δὲταῦτα
640 2798 688 2861 τδν
705 2798 818 2885 θεριθμθν
838 2798 914 2876 δέκα,
930 2800 959 2862 τί
973 2802 1045 2876 ίστι,
1061 2799 1155 2881 ποσίν,
1169 2798 1254 2875 ποιάν,

205 2909 274 2998 τρίς
294 2937 333 2986 τι,
348 2917 410 2984 ποῦ,
432 2907 509 2988 aori,
531 2909 648 2986 κεῖσθαι,
668 2905 755 2993 ῖχειν,
771 2911 865 2984 ποιεῖν,
881 2907 1015 2994 πάσχειν.
1059 2911 1118 2974 'Aa
1140 2914 1201 2998 γὰρ
1221 2914 1254 2975 πθ

207 3023 387 3104 συμβεβηκὸς
402 3022 450 3086 καί
464 3020 496 3084 τδ
517 3019 596 3105 γένος
611 3021 659 3082 καί
678 3020 711 3082 τδ
725 3016 790 3083 ῖδιον
810 3017 859 3082 καῖ
879 3023 892 3080 θ
913 3021 1025 3107 θριτμδς
1046 3025 1072 3085 ἒν
1084 3027 1139 3107 μιᾷ
1151 3022 1255 3086 τοείτοον

207 3139 262 3195 τῶν
284 3139 458 3218 κατηγοριῶν
479 3126 571 3193 ἕσται·
594 3135 686 3193 πᾶσαι
707 3131 768 3215 γάρ
788 3134 817 3191 αῖ
838 3131 883 3191 διεδ
904 3128 1006 3193 τοθτων
1027 3130 1177 3217 προτάσεις
1196 3132 1259 3210 ίητί

208 3241 314 3320 δστενῆ
333 3241 437 3319 ποιδνῆ
457 3242 542 3304 ποσδν
561 3239 576 3318 ί]
598 3247 651 3304 τοῖν
669 3239 766 3302 ἄλλων
784 3241 847 3301 τινὰ
868 3247 1042 3326 κατηγοριῶν
1063 3241 1253 3324 σημαίνουσιν.

207 3352 354 3436 Μοίσμίι.
372 3354 413 3416 iv.
431 3361 460 3416 7.
506 3350 578 3413 Καθ’
593 3353 667 3413 αὐτὰ
682 3346 711 3412 δὲ
724 3347 791 3412 εῖναι
812 3346 928 3434 λέγεται
949 3345 1054 3433 ὅσαπερ
1072 3349 1198 3432 σημαίνει
1211 3355 1253 3413 τὰ

208 3460 352 3544 σχήματα
370 3465 418 3536 τῆς
439 3457 621 3546 κατηγορίας·
646 3461 762 3543 ὁσαχῶς
781 3460 842 3544 γὰρ
862 3455 990 3542 λέγεται,
1011 3467 1200 3542 τοσαυταχῶς
1220 3459 1252 3522 τδ

208 3566 275 3631 εῖναι
300 3569 437 3651 σημαίνει.
480 3570 560 3632 Ἐπεί
587 3565 633 3630 οὖν
655 3573 710 3630 τῶν
736 3564 981 3654 κατηγορουμίνοον
1004 3569 1043 3630 τοὶ
1067 3564 1118 3648 μὲν
1141 3567 1172 3630 τί
1193 3571 1252 3633 ἐστι

208 3679 345 3762 σημαίνει,
361 3684 399 3742 τοὶ
421 3678 449 3742 δὲ
470 3677 609 3755 παθητὰ
631 3676 659 3743 di
672 3676 766 3756 ποσθν,
784 3680 822 3741 τὰ
844 3677 871 3742 δὲ
887 3677 954 3766 πρθς
974 3704 1014 3756 τι,
1029 3680 1069 3742 πθ
1088 3678 1116 3743 di
1135 3687 1218 3745 ποιεῖν
1237 3681 1253 3761 θη

206 3787 342 3874 πάσχειν,
365 3791 405 3852 τὰ
426 3786 454 3851 δὲ
474 3795 538 3866 τοῦ,
561 3789 599 3850 τοί
620 3785 649 3851 δὲ
670 3785 747 3867 πθτε,
767 3787 879 3872 ἑκάστῳ
900 3788 1003 3852 τοθτοον
1025 3789 1057 3852 τὸ
1080 3789 1146 3854 εῖναι
1168 3793 1254 3856 ταύτὸ

208 3898 344 3982 σημαίνοι.
424 3893 429 3898 ’

253 4011 348 4075 From
371 4011 465 4075 these
488 4031 648 4096 passages
671 4009 697 4072 it
719 4030 861 4093 appears
888 4010 959 4075 that
983 4013 1039 4078 the
1065 4014 1256 4097 Oategories

208 4141 292 4184 were
318 4120 480 4203 regarded
505 4123 550 4204 by
577 4121 745 4199 Aristotle,
773 4125 800 4185 1.
824 4124 870 4185 As
896 4142 938 4185 an
969 4127 1194 4192 enumeration
1222 4127 1259 4191 of

207 4231 264 4294 the
288 4229 442 4294 different
464 4229 704 4312 significatione
728 4231 766 4294 of
785 4231 903 4314 simple
926 4242 1037 4313 terms,
1057 4245 1152 4320 apart
1172 4237 1256 4300 from

207 4339 292 4402 their
315 4339 504 4403 connexion
528 4339 561 4401 in
586 4339 641 4403 the
665 4338 882 4422 proposition.
929 4347 959 4404 2.
982 4343 1093 4407 Aean
1120 4367 1253 4410 enume-
