3128 4976
194 655 268 705 Anni.
281 655 324 705 Pr.

354 437 403 510 98
749 459 854 512 auru
872 459 1011 512 aaaron

354 635 688 732 Enthymematicae
724 633 971 721 antecedens,
1005 632 1192 708 Aristoteli
1222 634 1405 734 Prosyllo·

195 721 321 770 Lauri.
387 759 395 774 .

193 786 217 836 1.
227 787 269 835 28.
279 788 304 834 d.

350 783 486 857 gamas
504 767 591 834 estu.

403 882 439 956 6.
467 882 555 956 Huc
586 881 746 978 denique
776 879 1024 956 revocandum
1049 889 1111 954 est
1140 877 1399 977 compendium

351 1003 442 1079 illud
469 1002 678 1103 disputandi
704 1003 976 1102 opponentibus
1004 1003 1292 1091 usitatissimum,
1315 1002 1403 1078 reti·

352 1129 459 1204 cendi
477 1129 618 1205 scilicet
634 1127 908 1202 conclusionem
923 1152 932 1214 ;
961 1150 1046 1200 cum
1064 1126 1111 1200 sit
1126 1128 1205 1224 ipsa
1221 1125 1402 1214 Quaestio,

352 1277 465 1351 quam
482 1251 709 1352 respondens
726 1274 801 1324 non
819 1251 1037 1349 supponitur
1054 1250 1232 1348 ignorare.

404 1377 680 1476 [Admittuntur
710 1375 868 1471 denique
896 1375 934 1448 in
967 1373 1111 1450 Scholis
1140 1375 1248 1448 etiam
1282 1373 1401 1469 Syllo·

350 1503 550 1598 gismorum
594 1500 776 1586 formulae,
820 1498 907 1596 quia
948 1508 1077 1572 centra
1119 1497 1263 1594 regulas
1307 1521 1399 1572 voce

350 1634 510 1712 tantum,
533 1647 609 1698 non
634 1647 755 1710 sensu,
779 1631 949 1720 peccant,
971 1632 1009 1696 et
1035 1629 1180 1696 mutata
1203 1621 1326 1719 phrasi
1351 1620 1398 1695 ad

350 1749 546 1823 canonicas
572 1746 677 1821 facile
703 1756 935 1822 revocantur.
986 1747 1157 1844 Suntque
1183 1744 1273 1818 nihil
1298 1744 1398 1820 aliud

351 1895 463 1969 quam
477 1871 654 1946 Licentia²
668 1871 839 1968 quaedam
858 1869 1113 1968 Syllogisticae,
1124 1878 1162 1942 et
1175 1869 1211 1943 in
1226 1876 1397 1943 accurata

350 1994 597 2092 disputatione
614 2018 689 2068 non
708 1994 879 2068 videntur
896 1992 1145 2068 admittendae.

403 2119 435 2192 1.
462 2116 623 2199 Quando
649 2141 715 2215 pro
746 2117 905 2192 termino
935 2117 1138 2214 repetendo
1164 2115 1396 2190 substituitur

349 2270 423 2321 vox
457 2244 508 2318 illi
542 2242 795 2341 aequipollens,
852 2241 905 2316 Ut
938 2243 975 2316 in
1010 2241 1095 2328 hoc,
1124 2241 1204 2316 Eas
1233 2241 1395 2316 naturale

349 2381 510 2444 carratam
538 2392 685 2466 corpore
717 2368 886 2465 organico
920 2380 955 2441 et
989 2367 1108 2441 anima
1140 2365 1312 2441 rationali
1344 2375 1395 2438 cst

348 2497 472 2570 homo:
511 2494 677 2570 Socratae
706 2507 759 2568 cst
787 2495 977 2592 ejusmodi:
1016 2517 1104 2590 ergo
1134 2505 1186 2566 eet
1215 2493 1330 2579 homo,
1358 2496 1395 2564 et

348 2617 532 2692 similibus
587 2618 716 2691 Potest
729 2617 826 2689 enim
841 2616 1013 2714 Sophiste
1025 2615 1126 2689 abuti
1143 2615 1214 2689 ista
1226 2613 1394 2688 libertate

347 2739 405 2814 vel
422 2740 470 2813 ad
488 2737 704 2835 nugandum
723 2739 782 2813 vel
798 2739 845 2812 ad
864 2739 1075 2814 fallendum.
1366 2755 1375 2762 ·

396 2863 431 2937 2.
458 2864 618 2945 Quando
649 2863 745 2938 fiunt
774 2864 1055 2960 syllogismicus
1082 2861 1252 2959 obliquiS,
1278 2860 1393 2957 qualis

345 2994 414 3071 est,
435 2985 556 3059 Omnis
574 2985 722 3061 hominis
739 3012 846 3083 equas
863 2988 995 3061 currit:
1021 2985 1187 3060 Socratae
1204 2997 1255 3060 est
1273 2985 1391 3070 domm

344 3133 432 3205 ergo
468 3109 627 3182 Socratis
661 3134 769 3206 equas
802 3109 923 3184 currit.
984 3111 1056 3183 Pro
1091 3108 1224 3182 minori
1257 3107 1393 3181 rectius

344 3231 478 3306 dixeris
497 3233 657 3308 Socratis
680 3259 786 3331 equas
808 3245 859 3306 cst
882 3234 1030 3307 hominis
1052 3258 1171 3330 equus,
1194 3232 1282 3306 alias
1306 3253 1394 3306 con*

339 3391 460 3464 partita.
475 3390 521 3448 da.
564 3388 623 3448 See
636 3389 673 3448 ad
698 3389 814 3448 Heren.
829 3389 859 3448 ii.
874 3393 902 3448 2.
917 3389 947 3446 ii.
966 3391 1012 3446 18.
1027 3388 1088 3447 Oia.
1102 3387 1140 3446 de
1154 3387 1222 3447 Inv.
1238 3387 1258 3444 i.
1274 3389 1312 3445 87
1328 3404 1392 3461 sqq.

345 3485 451 3557 Quint.
479 3485 558 3543 Inst.
586 3504 612 3541 r.
644 3488 689 3543 18.
736 3485 865 3562 Finally,
893 3485 946 3545 the
973 3503 1064 3544 name
1091 3483 1307 3560 Epicheirema
1334 3499 1392 3542 aas

343 3581 463 3640 limited
478 3588 510 3639 to
524 3581 577 3639 the
591 3580 818 3656 quadripartite.
861 3581 906 3640 of.
918 3580 1179 3656 Trendelenburg,
1191 3579 1291 3637 Elem.
1304 3581 1331 3659 §-
1344 3579 1391 3636 88.

343 3675 604 3752 Schweighaeuser
614 3693 655 3733 on
670 3675 831 3750 Epictetus
846 3676 870 3734 1.
887 3679 915 3734 8.
957 3677 1018 3735 For
1031 3693 1117 3734 some
1128 3674 1216 3732 other
1229 3673 1391 3732 variatione

341 3773 373 3829 in
389 3773 441 3830 the
457 3789 511 3830 use
526 3771 561 3830 ol
571 3771 623 3828 tho
637 3789 736 3839 name,
753 3790 803 3831 see
818 3773 912 3850 Krug.
929 3775 1028 3848 Lopils,
1045 3776 1073 3854 ᾗ.
1090 3774 1156 3830 118.

381 3879 392 3904 ¹¹
413 3867 476 3925 Not
490 3866 614 3942 exactly.
656 3865 725 3925 The
739 3869 962 3946 prosyllogism‚
978 3887 1013 3927 or
1026 3866 1208 3928 antecedent
1222 3866 1388 3943 syllogism

342 3963 376 4022 of
399 3963 552 4030 Aristode,
574 3962 601 4019 is
627 3979 645 4019 a
670 3962 826 4039 syllogism
852 3963 1012 4040 employed
1036 3969 1068 4021 to
1088 3980 1179 4038 prove
1200 3979 1260 4022 ane
1282 3961 1317 4020 ol
1339 3959 1390 4019 the

340 4058 489 4133 promises
504 4057 539 4116 es
555 4057 684 4116 another
698 4058 865 4135 syllogism.
907 4060 939 4118 It
957 4058 1036 4120 need
1055 4068 1110 4117 not
1129 4059 1167 4117 be
1182 4057 1345 4134 expressed
1359 4057 1391 4114 in

340 4171 357 4210 a
376 4153 522 4211 curtailed
543 4152 629 4210 form.
673 4151 731 4209 See
753 4152 862 4211 Pacius
876 4172 916 4211 on
934 4154 1021 4214 Anal.
1038 4154 1132 4212 Prior.
1147 4154 1167 4210 i.
1183 4155 1231 4212 88.
1248 4156 1274 4210 8.
1291 4152 1389 4220 Biese.

339 4248 396 4306 vol.
411 4248 430 4305 i.
445 4266 477 4324 p.
494 4251 561 4306 lt'l.
