3142 4976
334 456 404 528 158
762 475 955 526 nuncnunc.

327 654 461 751 posito,
485 661 522 725 et
546 652 722 748 majorem
749 675 796 724 ex
823 651 1099 735 demonstrato;
1131 649 1378 746 colligendum

329 785 408 851 orat
431 777 534 850 dolos
555 799 628 850 ecce
652 775 743 850 iuter
764 801 800 848 ce
824 775 1042 887 conpositos,
1066 775 1160 872 quod
1180 785 1233 847 est
1256 785 1381 847 contra

329 901 565 999 Hypothecin.
627 898 763 973 Verum
806 923 851 972 ne
892 898 1058 995 pluribus
1097 897 1275 995 exemplis
1309 898 1378 970 sim

328 1023 519 1107 molestus,
539 1022 639 1097 malo
662 1021 832 1119 gencrale
857 1045 1084 1119 responsum.
1139 1021 1230 1094 Dico
1253 1021 1377 1118 igitur,

330 1147 442 1229 Quod
484 1146 586 1221 nulla
628 1145 839 1244 hujusmodi
886 1145 1160 1219 Demonstratio
1203 1145 1379 1241 supponit

330 1270 446 1344 solam
460 1293 537 1344 suae
552 1268 807 1344 conclusionis
821 1269 1174 1352 contradictoriam
1199 1269 1264 1342 sed
1277 1293 1379 1364 quae-

330 1395 418 1468 libet
442 1419 527 1468 cum
553 1393 847 1468 Contradictoria
877 1393 981 1491 ponit
1008 1393 1144 1489 aliquid
1169 1393 1270 1490 quod
1294 1417 1377 1467 eam

331 1520 483 1604 evertit3
508 1527 546 1591 ot
559 1527 736 1604 evertere,
746 1516 1034 1592 demonstrando
1044 1517 1215 1591 ostendit.
1250 1517 1376 1599 Quare

332 1642 615 1718 conclusionem
644 1665 719 1715 non
746 1642 856 1716 infert
882 1666 929 1715 ex
955 1642 1035 1740 ejus
1061 1641 1376 1727 Contradicoorio3

330 1767 396 1840 sed
422 1789 469 1840 ex
500 1765 795 1839 Contradictona
824 1787 909 1837 cum
936 1765 1241 1840 Contradictoriae
1275 1789 1377 1840 ever-

330 1889 428 1962 sivo:
455 1888 555 1986 quod
573 1889 603 1961 si
619 1889 731 1962 faciut
742 1888 832 1962 nihil
846 1889 989 1962 mirum.
1042 1889 1079 1962 N
1081 1913 1140 1963 am
1155 1889 1198 1964 Si
1210 1890 1376 1964 Socrates

330 2039 363 2088 v.
381 2037 416 2112 g.
444 2027 496 2088 oct
519 2015 630 2101 homo,
647 2027 682 2088 et
699 2015 931 2099 irrationalis,
950 2024 1028 2086 tum
1052 2014 1094 2086 Si
1110 2027 1163 2088 est
1179 2017 1290 2102 honio,
1306 2042 1376 2090 non

330 2152 381 2212 eu
397 2139 496 2213 homo
507 2165 521 2212 .·
547 2139 596 2212 Et
617 2137 660 2211 Si
683 2138 849 2212 Socrates
866 2150 917 2213 est
934 2149 1101 2224 mortuui,
1117 2151 1153 2211 et
1168 2141 1234 2212 scit
1250 2164 1286 2213 sc
1302 2165 1377 2214 esse

329 2275 511 2349 mortuum,
545 2272 626 2336 tum
662 2262 704 2336 Si
735 2274 789 2335 est
821 2273 975 2336 mortuus
1009 2285 1079 2335 non
1112 2275 1164 2336 est
1195 2275 1376 2336 mortuus:

330 2387 379 2460 Et
402 2387 678 2474 Universuliter,
702 2385 744 2459 Si
766 2397 801 2458 et
824 2385 898 2459 haec
927 2397 978 2459 eet
1007 2411 1091 2460 vero
1118 2399 1153 2460 et
1180 2411 1257 2483 quw
1285 2387 1377 2460 hunc

328 2512 475 2586 evertit:
500 2521 579 2585 tum
599 2510 642 2584 Si
663 2509 737 2584 lucc
758 2522 812 2584 est
832 2535 927 2597 vero,
944 2535 1013 2584 non
1036 2523 1088 2584 est
1109 2535 1217 2585 ocra:
1242 2511 1376 2607 quibus

329 2635 499 2711 omnibus
527 2637 624 2712 inest
653 2659 726 2709 una
756 2659 840 2732 quae
874 2642 931 2707 est
963 2657 1114 2732 prorsus
1148 2635 1250 2709 nulla
1282 2635 1377 2710 diffi-

329 2760 457 2834 cultas.
527 2759 600 2832 Ubi
647 2759 743 2832 enim
793 2758 1022 2856 Hypothesis
1068 2759 1198 2832 evertit
1241 2783 1379 2857 suppo-

328 2883 510 2968 sitionem,
549 2880 676 2979 quidni
714 2905 762 2955 ex
806 2881 1014 2979 Hypothcsi
1047 2901 1237 2980 coquatur,
1272 2883 1375 2981 quod

327 3005 577 3104 suppositioni
594 3003 839 3080 contradicit?
