3128 4976
586 433 816 486 llllDlMliNTA·

593 856 702 932 CAP.
731 853 804 931 Ill.

378 1011 438 1087 De
456 1011 672 1111 Syllogismo
693 1015 904 1114 Cetegorico
918 1043 1021 1114 puro.

227 1226 261 1322 §.
284 1225 315 1297 l.
342 1223 488 1300 Tuom
513 1247 597 1322 pore
626 1225 775 1322 Logicae
801 1225 877 1322 agit
906 1225 952 1298 de
980 1226 1222 1324 Argentorato·

175 1347 251 1420 sive
285 1348 514 1446 Syllogismo,
543 1348 644 1444 quod
674 1358 731 1422 est
765 1348 908 1444 signum
942 1350 1061 1423 tertiae
1096 1373 1223 1447 operae

174 1467 285 1542 tionis
318 1469 549 1556 intellectds;
597 1495 730 1570 nempe
768 1471 971 1559 Discerne,
1005 1473 1064 1546 vel
1096 1473 1223 1546 Ratio-

174 1592 302 1666 cirrium
319 1593 634 1690 Propositionibus
651 1619 876 1692 expressum.

225 1719 363 1806 Quare,
380 1743 467 1792 cum
486 1718 698 1792 Discursusb
715 1721 762 1793 sit
785 1743 998 1817 progressus
1022 1722 1155 1795 mentis
1174 1721 1219 1796 ab

174 1863 250 1914 uno
262 1841 403 1938 judicio
420 1842 468 1915 od
491 1843 603 1930 aliud,
618 1843 851 1941 perspicuum
875 1851 931 1916 est
954 1844 990 1917 in
1016 1868 1061 1917 eo
1086 1845 1219 1942 requiri

177 1964 209 2037 1.
235 1965 385 2062 Aliquid
402 1967 502 2040 unde
525 1965 708 2040 discursus
725 1966 899 2040 ordiatur.
952 1969 986 2040 2.
1013 1967 1123 2042 Aliud
1145 1992 1220 2065 quo
1329 2027 1332 2038 .

173 2089 374 2184 perveniat.
417 2089 452 2163 3.
480 2089 536 2164 Ee
552 2090 603 2163 sic
621 2089 667 2163 ab
685 2089 842 2164 invicem
859 2091 1032 2188 pendere,
1045 2099 1088 2165 ut
1104 2115 1219 2165 unum

173 2233 221 2283 ex
246 2209 333 2298 alio,
350 2219 388 2284 et
411 2211 504 2284 aliils
527 2212 562 2287 vi
584 2211 814 2298 innotescat3
843 2237 949 2287 secus
972 2213 1083 2300 enim,
1104 2237 1220 2288 unum

172 2342 257 2429 post
275 2333 373 2407 aliud
391 2357 627 2432 cognoscere,
645 2342 702 2408 est
719 2342 866 2408 tentum
883 2358 982 2432 saepe
994 2334 1171 2431 judicare.

223 2458 322 2546 lam,
352 2482 399 2531 ex
434 2481 519 2554 quo
539 2457 638 2532 aliud
672 2457 971 2555 cognoscendum
1002 2465 1070 2544 est,
1099 2457 1219 2554 ipsum
1228 2483 1379 2532 nunnoni.

174 2595 274 2657 certe
303 2582 556 2679 praecognosci
590 2580 723 2665 debet;
759 2590 798 2654 et
826 2579 979 2677 proinde
1010 2579 1113 2676 quasi
1142 2548 1251 2654 sine¹'
1264 2549 1321 2596 Μ’

175 2707 342 2782 discursu
368 2713 512 2793 notum,
533 2707 745 2794 antecedere,
763 2707 863 2804 poni,
882 2704 1057 2804 proemilti
1067 2733 1082 2790 ,·
1108 2713 1146 2779 et
1171 2731 1219 2780 ex

173 2855 219 2904 eo
236 2830 420 2927 reliquum
438 2829 607 2916 concludi,
620 2829 754 2926 colligi,
767 2827 892 2925 inferri
908 2837 946 2901 et
963 2827 1060 2924 requi
1077 2827 1219 2902 dicitur.

175 2953 244 3027 Est
260 2961 386 3025 autem
405 2950 542 3048 duplex
559 2952 801 3054 consequeptio
811 2979 825 3024 .·

228 3076 261 3150 1.
287 3074 495 3150 Materialie
506 3101 521 3158 ,·
551 3067 708 3182 quill&
726 3061 783 3171 ex
799 3074 1056 3174 ¹Antecedente
1083 3075 1221 3150 Conse-

175 3223 292 3298 quens
326 3199 493 3286 infertur,
527 3178 1002 3302 solo‚3'vi.s·'7'l“7erminorum⁰,
1036 3222 1121 3295 quae
1164 3208 1220 3272 est

214 3443 225 3466 ·
244 3437 402 3510 Argumem
415 3435 442 3494 is
456 3443 511 3494 not
523 3419 885 3512 properlyeypooprhous
897 3431 970 3489 with
985 3431 1151 3508 syllogism,
1164 3432 1220 3491 but

175 3529 246 3589 wilh
259 3530 310 3589 lhe
321 3529 437 3589 middle
452 3537 529 3589 term
540 3529 621 3606 only.
644 3511 900 3588 See'llernilton’s
911 3525 1096 3594 Dieuches,
1108 3545 1137 3602 p.
1152 3530 1217 3586 140.

212 3627 225 3660 ⁵
245 3627 305 3686 See
319 3625 432 3694 before,
446 3644 476 3701 p.
492 3631 519 3685 5.
534 3631 606 3684 nole
620 3625 650 3682 lr.

213 3735 224 3760 ⁸
244 3723 314 3782 The
318 3725 403 3797 soree
416 3723 450 3796 os
460 3724 505 3781 llo
519 3733 601 3780 unm
613 3721 699 3779 leode
713 3728 744 3780 lo
758 3739 777 3779 e
795 3721 973 3780 conclusion
987 3721 1027 3798 by
1041 3723 1220 3800 suggesting

174 3825 205 3876 lo
225 3818 279 3877 the
300 3817 387 3876 mind
408 3817 523 3876 certain
543 3815 711 3875 additional
731 3815 831 3874 truchs
851 3816 1036 3893 concerning
1049 3817 1101 3875 lhe
1115 3817 1219 3894 things

174 3915 292 3990 spoken
317 3913 357 3982 ol,
378 3913 477 3972 which
498 3931 548 3972 ere
569 3919 625 3971 noi
647 3912 774 3988 givmin
799 3911 850 3970 the
874 3911 1032 3987 promises.
1074 3913 1137 3970 But
1157 3912 1219 3970 this

173 4010 342 4070 additional
361 4010 539 4086 knowledge
560 4010 587 4068 is
606 4008 717 4085 clearly
730 4007 931 4084 extrelogieel.
973 4007 1031 4066 See
1048 4007 1217 4083 Appendix,

172 4115 244 4168 nole
258 4107 299 4166 D.
342 4107 410 4165 'I'he
431 4117 532 4165 matur
552 4105 586 4164 ol
603 4107 655 4164 the
677 4104 833 4182 syllogism
852 4104 879 4162 is
898 4104 939 4162 ell
959 4103 1025 4162 thet
1041 4104 1067 4162 is
1087 4105 1175 4180 given
1191 4113 1219 4161 lo
1262 4139 1273 4164 ·

172 4207 231 4262 and
244 4215 295 4263 oet
308 4205 342 4276 os
351 4203 404 4262 the
420 4211 468 4262 ecl
481 4203 515 4262 ol
531 4203 708 4279 ressoning:
731 4203 783 4261 the
793 4199 875 4275 joim
890 4201 916 4258 is
930 4201 1010 4259 what
1023 4201 1050 4258 is
1067 4199 1219 4277 conveyed

688 4331 707 4377 F
