3128 4976
325 377 347 448 8
718 404 823 454 anms
841 405 980 456 houlcAE

324 575 607 674 excogittsscnt,
635 589 823 677 praecepta
845 605 913 654 sua
934 581 972 654 in
993 603 1110 655 unum
1128 581 1370 679 compeger03

324 724 527 797 eorumque
553 701 750 776 Scientiam
777 703 901 777 dixere
929 705 1115 803 Logiccm,
1140 704 1214 779 sive
1242 705 1370 779 Artem

323 824 527 898 cartonen.

374 949 442 1021 Est
472 949 582 1045 igitur
611 951 764 1049 Logica,
789 952 859 1024 Ars
888 952 1175 1025 instrumentalis
1209 951 1369 1049 dirigens

323 1083 485 1146 mentem
503 1073 541 1147 in
559 1075 769 1171 cognitione
786 1085 954 1150 reruml:
981 1075 1134 1173 ejusque
1151 1087 1275 1173 partes
1293 1085 1368 1149 tres

360 1297 378 1322 ¹¹
398 1290 543 1364 Lopicam.
585 1290 729 1368 “Logica
747 1291 829 1349 dicta
844 1293 1117 1366 θειᾶπὸτοῦλόγνο.
1158 1295 1240 1366 Λόγος
1254 1288 1367 1364 duplex

319 1389 367 1440 est
386 1383 553 1453 Aristoteli,
574 1391 589 1441 t
608 1389 662 1443 toa
682 1387 723 1442 cat
743 1392 758 1442 t
776 1389 827 1457 ῖεο
845 1391 933 1461 λογον,
954 1383 986 1442 id
1007 1391 1063 1451 est,
1084 1403 1171 1440 sermo
1194 1385 1320 1442 interam
1340 1395 1367 1442 ct

319 1491 456 1539 aeternas
499 1481 680 1540 Sermonem
699 1482 854 1540 internum
871 1489 957 1540 vocnt
974 1485 1020 1538 τὸν
1038 1485 1066 1538 ἐν
1084 1487 1115 1552 τῇ
1136 1485 1213 1556 νωχῇ
1232 1486 1321 1557 λόγον,
1336 1481 1368 1538 id

319 1584 374 1645 est,
398 1597 549 1636 sermonem
576 1580 625 1652 qai
652 1579 684 1636 ia
711 1580 809 1636 animo
836 1589 890 1636 ert:
926 1577 1118 1645 Plutarchus,
1144 1577 1363 1646 Damascenus

317 1672 430 1748 aliique
455 1673 611 1748 appellant
633 1678 714 1750 λόγον
736 1678 880 1733 ἐνδιάθετον
904 1673 935 1733 id
960 1683 1007 1732 est
1029 1693 1179 1732 sermonem
1204 1676 1279 1732 intus
1303 1695 1366 1733 coa

317 1779 442 1842 ceptum
466 1777 498 1826 et
518 1777 686 1838 externum,
706 1774 788 1846 λόγον
806 1776 974 1846 προφορικὸν,
996 1770 1027 1828 id
1049 1777 1103 1838 est,
1119 1789 1268 1828 monem
1279 1773 1367 1844 sorae

312 1867 467 1940 prolatum,
490 1865 552 1923 sive
576 1867 822 1941 pronunciatum.
865 1873 945 1942 Λόγος
967 1870 1110 1928 ἐνδιάθετος
1132 1867 1194 1924 sive
1215 1867 1365 1936 internus,

317 1963 396 2020 nihil
411 1969 458 2020 est
472 1961 554 2020 aliud
569 1981 660 2038 quam
681 1963 758 2020 ratio
773 1963 835 2020 sive
850 1963 1002 2040 cogitatio,
1016 1963 1074 2020 hoo
1089 1969 1143 2030 eet,
1159 1963 1236 2022 actio
1251 1965 1365 2022 mentis

316 2077 366 2118 res
381 2060 514 2136 objectas
529 2078 694 2134 earumque
708 2059 835 2117 nomina
848 2061 1059 2136 concipientis.
1101 2061 1191 2118 Mens
1203 2061 1286 2119 enim
1300 2080 1365 2120 non

317 2157 417 2214 solum
429 2173 478 2214 res
490 2157 572 2231 ipsos
584 2138 718 2231 concipit
729 2164 818 2230 atque
830 2157 983 2233 intelligit,
994 2155 1048 2214 sed
1060 2162 1091 2214 ct
1100 2155 1210 2214 idonea
1219 2158 1367 2217 vocabula

316 2255 466 2329 excogitat
476 2252 514 2311 ad
526 2259 691 2328 conceptus
701 2270 773 2310 suos
785 2252 853 2310 aliis
866 2251 1045 2310 indicandos
1053 2259 1144 2327 atque
1154 2253 1364 2329 explicandos:

316 2357 407 2425 atque
428 2350 471 2407 ita
491 2348 717 2425 quodammodo
739 2351 770 2408 iu
794 2351 896 2426 seipsa
916 2349 1060 2424 loquitur.
1102 2356 1185 2425 Λόγος
1204 2356 1365 2426 apocopum

316 2453 406 2522 atque
416 2453 567 2514 externae,
578 2453 625 2504 est
634 2446 785 2504 sermonis
794 2446 907 2504 interni
915 2445 1194 2522 cogitationumque
1203 2445 1364 2520 interpres,

316 2551 405 2619 atque
422 2545 472 2622 (ut
486 2544 697 2602 Damascenus
711 2543 854 2617 loquitur,
870 2543 916 2600 lit.
932 2545 960 2599 2.
980 2543 1014 2598 dc
1034 2541 1115 2600 Orth.
1136 2541 1204 2598 Fu.
1225 2560 1285 2614 cop.
1301 2541 1364 2616 21.)

314 2644 426 2716 ἅγγελος
446 2647 492 2698 τοῦ
513 2643 644 2713 νοήματος,
666 2638 698 2696 id
719 2647 774 2706 cst,
796 2640 916 2696 nundus
936 2638 1123 2712 capitationis.
1165 2636 1213 2693 Ab
1235 2643 1364 2712 utroque

316 2754 457 2795 sermone
491 2737 644 2811 appellata
671 2741 719 2794 est
748 2735 871 2810 Legite,
902 2735 1080 2811 (utrumque
1109 2734 1192 2790 enim
1219 2732 1298 2809 regit
1330 2750 1366 2790 ac

315 2831 439 2907 format)
456 2832 509 2890 sed
530 2833 567 2890 nd
588 2833 718 2899 interno,
734 2849 825 2906 quem
840 2831 920 2889 nihil
940 2830 1022 2898 aliud
1044 2847 1111 2888 esse
1126 2829 1258 2887 diximus
1272 2847 1366 2904 quam

315 2927 429 2983 mentis
454 2927 604 2985 rationem
629 2929 691 2986 sive
716 2926 942 3002 cogitationem,
971 2927 1125 3002 praecipue
1152 2933 1363 3000 nuncupatur;

315 3021 353 3079 ab
379 3029 502 3079 externo
528 3040 680 3092 sermone,
700 3023 762 3082 sive
788 3022 826 3081 ab
855 3024 1000 3090 oratione,
1027 3030 1144 3080 tantum
1174 3020 1364 3079 secundario.

261 3101 265 3112 ’
314 3117 429 3194 Logica
440 3118 523 3175 enim
534 3120 612 3196 regit
623 3118 822 3196 cogitationes
834 3121 929 3178 animi
941 3120 1040 3177 nostri
1054 3136 1108 3195 per
1122 3136 1172 3185 se;
1195 3117 1365 3176 orationem

315 3232 378 3272 non
403 3232 458 3289 per
478 3233 520 3283 se,
544 3217 616 3295 (hoc
638 3217 721 3274 enim
743 3216 958 3275 Grammaticae
982 3213 1137 3291 convenit)
1160 3213 1214 3272 sed
1237 3220 1363 3272 eatenus

316 3319 444 3379 tantum,
460 3320 611 3387 quatenus
625 3313 752 3371 rationis
767 3320 878 3371 nostrae
896 3313 960 3370 ‘sive
981 3312 1198 3388 cogitationum
1214 3311 1364 3385 interpres

318 3409 393 3466 est.”
433 3409 628 3484 Bnrpcratc'oic'
649 3411 718 3469 [nat.
737 3411 842 3484 Lopl.
858 3410 879 3468 i.
895 3425 921 3466 c.
938 3413 964 3466 1.
1007 3408 1052 3467 Cf.
1073 3408 1164 3466 Arist.
1182 3409 1269 3465 Anat.
1283 3407 1363 3464 Post.

318 3504 435 3563 Ῑ.10.6
467 3510 505 3563 ot
517 3512 582 3582 πρὸς
595 3512 640 3565 τὸν
652 3510 703 3578 ἔξω
715 3508 970 3582 λόγονὴἇπόδενξνς,
981 3507 1125 3580 ἀλλὰπρὸς
1138 3507 1183 3560 τὸν
1195 3505 1365 3577 ε’ντῇψυχῇ,

319 3603 374 3658 ἐπεὶ
394 3603 453 3656 οὐδὲ
473 3605 662 3675 συλλογισμός.
701 3603 755 3658 Ἀεὶ
773 3606 824 3676 γὰρ
844 3605 917 3658 ἴστον
935 3603 1054 3672 ἐνστῆναι
1066 3603 1131 3674 πρὸς
1146 3604 1191 3656 τὸν
1209 3599 1259 3668 ἔξω
1276 3603 1365 3672 λόγον,

319 3697 389 3752 ἀλλὰ
401 3698 466 3766 πρὸς
477 3699 522 3751 τὸν
534 3697 588 3751 ἔσω
600 3701 681 3770 λόγον
694 3698 739 3751 οὐκ
752 3697 799 3752 ἀεί.
839 3694 907 3753 The
927 3702 1021 3752 terms
1034 3697 1178 3753 ἐνδιάθετος
1192 3691 1252 3750 and
1265 3696 1365 3766 προφο-

318 3793 388 3864 ρικὸς
402 3805 514 3862 appear
527 3794 558 3845 to
572 3788 648 3846 have
662 3789 831 3865 originated
845 3791 918 3848 with
938 3791 989 3848 the
1011 3789 1120 3850 Stoice.
1163 3787 1222 3847 Sec
1231 3788 1365 3864 Wytten·

320 3883 398 3940 boch
413 3901 452 3940 on
468 3881 619 3950 Plutarch,
632 3883 675 3940 II.
687 3886 735 3940 44.
746 3883 781 3941 Α.
792 3884 959 3958 (Plutarchi
974 3885 1111 3953 Morslia,
1123 3885 1180 3943 vol.
1194 3885 1230 3942 vi.
1243 3901 1274 3960 p.
1286 3883 1367 3960 878.)

321 3979 471 4055 Compare
486 3979 599 4046 Prantl,
615 3978 640 4036 Ι.
655 3995 684 4053 p.
699 3983 768 4048 420,
783 3983 851 4039 507.

360 4087 371 4109 ¹
392 4076 445 4134 Est
460 4077 547 4151 ipitnr
560 4075 675 4150 topica.
719 4075 794 4134 This
809 4076 969 4138 definition
988 4080 1015 4137 is
1030 4095 1114 4136 mora
1128 4076 1205 4154 fully
1218 4075 1307 4153 given
1326 4074 1366 4151 by

319 4174 539 4253 Burgersdych,
562 4174 632 4233 Inst.
655 4175 726 4248 Lop.
743 4174 764 4231 l.
786 4175 804 4232 i.
821 4193 845 4232 c.
864 4181 888 4232 l.
933 4187 949 4210 ¹⁶
963 4178 1071 4252 Lopica
1092 4187 1129 4235 ert
1151 4195 1199 4234 ors
1219 4173 1367 4247 conficiam
