3128 4976
339 408 385 484 72
728 430 833 480 sarrs
851 430 988 480 sociere

337 603 434 678 enim
458 603 489 676 B
512 602 689 676 terminus
714 604 921 678 communis
942 605 980 678 in
1005 604 1029 675 b
1055 612 1092 676 et
1118 607 1147 691 β
1172 601 1380 687 divisibilis;

338 729 439 824 Ergo
457 726 480 799 b
498 727 581 814 etp
603 736 691 801 sunt
714 728 903 826 opposita:
929 736 1114 801 ettamen
1139 751 1224 800 vere
1247 725 1382 799 dicitur

337 850 499 948 Aliquod
529 851 560 924 B
591 861 647 924 est
676 852 714 938 b,
748 861 786 925 et
820 850 981 947 Aliquod
1011 853 1043 925 B
1073 860 1129 925 est
1158 854 1197 939 β.
1257 831 1384 932 Quare

337 973 488 1073 aliquod
504 974 536 1047 B
553 982 612 1047 est
630 972 796 1047 Medium
814 997 961 1070 anceps

387 1099 421 1172 5.
448 1098 573 1179 Quare
600 1095 767 1171 Medium
791 1097 829 1170 in
852 1096 1048 1194 premissis
1071 1096 1184 1170 semel
1206 1097 1253 1170 ad
1276 1095 1382 1170 mini-

336 1245 438 1296 mum
465 1220 631 1294 distribui
656 1220 788 1306 debet3
815 1220 949 1294 sufficit
974 1221 1158 1307 tamensi
1183 1221 1242 1294 vel
1267 1219 1382 1294 semel

337 1346 587 1420 distribuatur.
649 1345 748 1418 Nam
781 1346 813 1418 l.
844 1345 891 1420 ad
922 1345 1153 1442 probandum
1187 1346 1221 1418 Α
1250 1354 1306 1418 est
1336 1344 1382 1430 C,

337 1470 532 1544 conveniat
565 1469 595 1542 C
625 1468 733 1542 alicui
762 1468 806 1554 B,
836 1477 875 1542 et
904 1469 938 1541 Α
967 1469 1090 1554 omni3
1129 1469 1230 1565 Ergo
1259 1468 1381 1542 eidem

336 1591 443 1665 alicui
473 1592 527 1665 B:
569 1591 670 1687 Ergo
701 1589 853 1663 affertur
881 1614 998 1665 unum
1028 1590 1177 1688 aliquod
1206 1591 1379 1688 idemque

336 1716 484 1788 tertium
520 1716 583 1788 hc·
627 1716 661 1788 2.
696 1714 744 1787 ad
786 1713 1017 1812 probandum
1055 1715 1089 1787 A
1125 1737 1200 1787 non
1244 1722 1300 1788 est
1335 1713 1381 1800 C,

336 1838 531 1913 conveniat
562 1838 592 1910 C
620 1836 730 1910 alicui
755 1837 798 1924 B,
824 1845 863 1909 et
892 1838 927 1912 A
955 1837 1101 1912 differat
1126 1837 1248 1922 omui;
1277 1837 1378 1932 Ergo

334 1962 452 2036 eidem
470 1959 578 2034 elicui
595 1960 650 2033 B:
678 1961 780 2056 Ergo
797 1958 950 2033 affertur
967 1961 1030 2034 hc.

383 2086 419 2158 6.
456 2084 656 2158 Processus
698 2083 745 2156 ab
781 2092 948 2157 extremo
990 2107 1065 2156 non
1109 2083 1302 2158 distributo
1339 2083 1378 2156 in

333 2206 539 2305 praemissis,
573 2205 621 2278 ed
655 2204 751 2278 idem
786 2203 1023 2279 distributum
1057 2206 1094 2280 in
1129 2206 1378 2292 conclusione,

333 2332 485 2406 vitiosus
512 2340 578 2404 est.
631 2329 729 2402 Nam
758 2353 805 2402 ex
829 2330 946 2427 aliquo
974 2353 1051 2404 non
1079 2332 1245 2428 sequitur
1272 2357 1379 2406 omne.

335 2455 426 2528 Esto
444 2455 540 2528 enim
559 2477 689 2526 verum
707 2451 808 2549 quod
829 2452 1002 2550 aliquod3
1030 2453 1130 2550 Ergo
1154 2464 1276 2553 potest
1299 2479 1380 2529 esse

334 2603 461 2653 verum
498 2577 599 2676 quod
633 2577 785 2674 aliquod
819 2601 917 2663 non;
965 2580 1068 2673 (nam
1108 2579 1381 2654 Suboontrariae

333 2708 489 2798 possunt
512 2725 593 2775 esse
616 2700 724 2774 simul
747 2702 886 2795 verae3)
914 2703 1014 2798 Ergo
1039 2702 1084 2775 de
1109 2701 1232 2799 aliquo
1256 2710 1378 2799 potest

333 2824 504 2898 affirmari
529 2821 631 2922 quod
654 2848 729 2897 non
756 2824 801 2898 de
825 2824 936 2898 omni.
989 2825 1081 2899 Esto
1104 2849 1228 2900 rursus
1252 2849 1378 2900 verum

333 3043 414 3100 what
427 3043 479 3101 the
494 3043 679 3104 Schoolmen
700 3046 757 3105 cell
773 3067 866 3122 parca
886 3051 1037 3123 lopicalia;
1057 3047 1164 3107 ahind
1178 3045 1212 3105 ot'
1229 3045 1380 3122 appendix

334 3143 365 3197 to
377 3139 516 3214 enalyses
530 3139 565 3198 oi
572 3141 624 3198 the
638 3141 783 3218 Organon
794 3163 801 3210 ;
824 3145 1002 3221 containing
1012 3151 1148 3211 matters,
1160 3161 1245 3202 some
1257 3140 1379 3200 evolved

335 3235 422 3304 imm,
434 3235 551 3313 though
565 3244 622 3295 not
632 3236 789 3316 distinotly
800 3240 917 3298 treated
928 3240 963 3298 ol
972 3241 1012 3317 by
1023 3240 1176 3307 Aristotle,
1189 3239 1291 3297 others
1303 3255 1380 3297 com·

334 3332 416 3409 plote
430 3333 633 3401 innovatione,
649 3351 734 3392 more
748 3336 888 3413 properly
902 3337 1070 3414 belonging
1083 3344 1114 3395 to
1130 3336 1293 3395 Grammar
1305 3334 1380 3394 than

335 3436 367 3486 to
382 3429 487 3506 Logia.
530 3429 597 3489 The
620 3437 738 3506 greater
758 3438 826 3506 part
845 3431 879 3490 oi
896 3433 984 3491 these
1005 3432 1073 3493 first
1090 3450 1203 3509 appear
1220 3432 1253 3490 in
1273 3429 1381 3490 Petrus

337 3523 507 3598 Hispanus.
551 3527 608 3585 See
623 3525 776 3586 Summuloe
789 3528 944 3602 Loqicalen
960 3529 1010 3586 Tr.
1027 3533 1055 3588 7.

377 3618 444 3675 The
459 3619 626 3696 syllogistic
640 3621 722 3680 mles
743 3624 928 3701 concerning
947 3623 1142 3683 distribution
1157 3641 1207 3682 are
1224 3623 1259 3682 ol
1276 3639 1381 3682 course

338 3712 465 3786 implied
489 3713 522 3771 in
547 3713 716 3774 Aristotle's
743 3727 874 3777 account
900 3719 935 3778 of
958 3721 1032 3779 each
1059 3720 1165 3798 figure,
1188 3719 1306 3796 though
1329 3727 1385 3777 not

338 3808 521 3867 enunciated
542 3813 710 3890 seperately
730 3831 762 3872 as
783 3832 926 3875 common
945 3825 976 3876 to
996 3819 1046 3876 all.
1088 3818 1184 3885 Thus,
1199 3826 1231 3877 to
1250 3836 1302 3894 say
1318 3818 1384 3875 thet

339 3903 391 3961 the
405 3902 503 3980 major
515 3905 649 3978 promise
661 3907 693 3964 in
707 3906 758 3985 fig.
773 3915 799 3967 l.
811 3919 894 3969 must
907 3912 946 3970 be
960 3913 1121 3981 universal,
1133 3932 1168 3972 or
1178 3932 1237 3973 one
1251 3912 1383 3989 promise

341 3997 372 4054 in
386 3993 437 4071 fig.
452 3998 478 4052 2.
492 3997 640 4073 negative,
656 4000 682 4058 is
697 4003 870 4076 equivalent
888 4013 919 4065 to
934 4008 1032 4066 srule
1051 4007 1097 4066 ior
1116 4007 1314 4084 distributing
1332 4006 1383 4065 the

340 4091 455 4150 middle
480 4097 566 4151 term.
608 4093 674 4152 The
697 4099 862 4172 particular
885 4103 1064 4163 conclusion
1089 4106 1121 4162 in
1142 4103 1191 4182 fig.
1215 4107 1243 4162 8.
1266 4103 1300 4162 in
1324 4101 1385 4162 like

341 4206 469 4248 manner
482 4186 598 4248 forbids
612 4207 651 4248 an
666 4191 754 4251 illicit
767 4213 891 4270 process
903 4198 938 4257 ol
948 4199 1000 4259 the
1014 4201 1116 4260 minor
1129 4209 1215 4260 term.
