3142 4976
336 459 405 532 152
756 477 951 529 arvenurx.

331 657 545 732 redditurum
568 681 616 742 ee,
639 657 705 730 doc
727 657 805 754 lege
822 654 1014 753 pollicitor,
1037 665 1075 728 ot
1098 651 1227 728 divinet
1251 665 1378 739 muter,

331 795 444 856 utrum
469 779 566 878 opud
588 805 624 854 re
647 780 793 854 reddere
818 803 864 852 cn
889 803 957 852 non
978 779 1125 851 reddere
1146 777 1376 851 constituerit.

333 905 369 978 Si
388 905 485 980 dicat
503 915 621 977 mater
639 903 723 978 Non
738 903 885 976 reddere
894 930 910 987 ,·
935 902 1134 976 mentietur
1151 902 1180 975 si
1198 899 1377 974 infantem

331 1029 532 1125 receperit:
568 1027 604 1100 Si
628 1027 725 1100 dicat
747 1027 917 1110 reddere;
946 1049 1021 1099 non
1046 1023 1177 1098 reddet
1196 1024 1282 1120 quia
1302 1023 1376 1096 hoc

331 1161 387 1224 est
420 1150 563 1225 salsum.
625 1149 876 1230 Quamobrem
911 1147 1140 1246 Chrysippus
1173 1146 1263 1220 nihil
1296 1169 1377 1219 esse

330 1287 435 1373 putat
460 1274 640 1350 difficilius
660 1297 774 1370 quum
798 1291 1014 1369 responsum
1039 1270 1146 1343 matri
1169 1291 1377 1365 suggerere.

332 1399 412 1472 Nec
437 1399 580 1496 injuria,
606 1399 635 1470 si
660 1396 841 1470 lubricum
868 1405 974 1492 putet
999 1394 1184 1478 divinare;
1220 1392 1285 1466 sed
1310 1392 1380 1464 im-

331 1523 475 1609 merito,
504 1524 533 1596 si
567 1523 604 1594 in
640 1519 711 1594 hoc
742 1525 801 1614 (ut
832 1517 1174 1606 videturl-haereat,
1203 1517 1316 1597 Quod
1348 1517 1378 1590 si

331 1671 486 1743 puerum
535 1644 753 1720 Crocodilus
802 1667 878 1716 non
928 1641 1082 1716 reddere
1133 1641 1377 1728 constituerit,

331 1770 498 1866 quamvis
523 1768 561 1842 id
588 1769 710 1842 Mater
736 1766 948 1840 divinaverit
975 1790 1051 1838 non
1078 1764 1231 1838 reddet:
1271 1766 1377 1861 quasi

331 1893 521 1967 consilium
558 1892 657 1989 quod
701 1891 860 1989 primum
902 1889 1112 1964 intenderat
1146 1889 1378 1976 Crocodilus,

329 2028 528 2117 postquam
568 2016 768 2090 indicatum
804 2025 873 2102 est,
907 2015 1099 2111 repudiare
1137 2038 1211 2087 non
1251 2015 1379 2111 possit,

330 2155 368 2216 et
402 2167 448 2216 ex
483 2153 593 2240 pacto
628 2165 702 2214 non
739 2139 896 2214 debeat:
941 2163 1026 2214 nam
1056 2140 1087 2213 si
1118 2140 1242 2213 Mater
1274 2149 1377 2214 recte

330 2267 557 2353 divinaverit,
579 2274 729 2363 recepto
755 2289 885 2362 puero,
909 2291 985 2340 non
1011 2266 1188 2340 mentitur
1212 2266 1287 2354 illa,
1310 2266 1375 2340 sed

331 2391 520 2464 consilium
539 2399 660 2464 mutat
679 2389 904 2465 Crocodilus.

384 2517 440 2589 13.
477 2517 636 2590 Merene
670 2505 838 2611 Θερίζων
871 2515 933 2613 qui
962 2527 1128 2601 vocatur,
1154 2516 1206 2588 ita
1239 2514 1379 2612 placuit

331 2637 473 2712 Zenoni
501 2640 638 2726 Stoico,
661 2649 704 2712 ut
731 2638 916 2736 Sophistae
941 2665 963 2714 a
985 2663 1059 2736 quo
1086 2663 1170 2712 eum
1198 2638 1376 2712 didicerat

330 2762 484 2859 duplum
509 2774 630 2858 pactae
658 2763 838 2835 mercedis
866 2771 1086 2836 numeraret
1138 2762 1378 2858 Proponente

331 2885 612 2958 Ammoniolsic
626 2885 802 2958 sehabet.
846 2885 887 2958 st
899 2909 1067 2958 messuros
1079 2911 1127 2971 es,
1141 2885 1391 2986 nonsortaree

330 3020 446 3093 metes,
452 3007 614 3104 sortasse
631 3031 698 3080 nort
716 3021 833 3092 metes,
846 3008 909 3080 aed
923 3020 1028 3082 meter
1041 3009 1199 3092 amuired·
1224 3009 1377 3096 Pariter,

330 3130 361 3202 εἰ
384 3155 452 3202 non
476 3154 646 3202 mersurus
667 3156 715 3217 ee,
733 3157 802 3204 aon
814 3130 975 3226 sortasse
996 3144 1112 3218 metes,
1124 3132 1286 3227 fortasse
1309 3158 1377 3206 ron

330 3265 446 3340 meter,
463 3254 526 3327 sed
543 3277 690 3350 prorsus
712 3279 781 3328 corr
803 3267 918 3328 meter.
972 3256 1085 3351 Atqui
1107 3257 1164 3329 od
1182 3267 1310 3330 metere
1330 3269 1377 3344 te,

331 3378 388 3451 ael
409 3403 478 3452 non
503 3389 641 3466 metere,
666 3379 894 3452 neceesarium
919 3390 996 3462 eat:
1030 3379 1126 3474 perit
1150 3379 1265 3477 igitur
1289 3381 1379 3453 For·

331 3514 440 3590 tasse,
457 3503 551 3600 quod
565 3503 601 3576 in
618 3515 744 3576 neutra
762 3503 943 3600 hypothesi
961 3505 1071 3576 locum
1087 3503 1200 3576 taber.
1248 3504 1378 3576 Fortu·

331 3635 462 3700 natum
480 3626 708 3722 Sophistaml
736 3626 798 3723 qui
813 3625 981 3698 mercede
994 3625 1109 3723 dupla
1122 3627 1221 3699 hunc
1234 3627 1377 3700 fumum

331 3749 517 3835 vendidit;
569 3749 635 3823 Vel
665 3750 741 3837 leoc,
772 3749 829 3824 ael
855 3750 946 3824 illud
972 3751 1109 3824 evenire
1136 3761 1188 3824 eet
1218 3775 1352 3824 necesse
1363 3778 1379 3834 ,-

331 3872 458 3953 Quare
486 3873 550 3946 too
579 3885 613 3946 et
643 3899 711 3948 non
745 3874 837 3948 illud
868 3876 1063 3949 necessario
1092 3887 1288 3948 ereaturam
1316 3886 1378 3948 ert.

372 4175 382 4198 ⁸
404 4157 485 4223 Inde
496 4163 601 4240 Interp.
615 4175 687 4225 sect.
700 4173 727 4225 2.
743 4187 806 4244 cap.
825 4172 869 4227 10.
883 4169 902 4226 f.
918 4171 965 4227 111.
978 4170 1006 4227 b.
1020 4171 1068 4228 ed.
1083 4171 1167 4228 meu.
1184 4167 1229 4229 of.
1247 4169 1375 4245 Mousge

331 4261 368 4320 ad
384 4262 483 4320 Laert.
499 4263 549 4320 vii.
565 4266 612 4321 at.
