3128 4976
735 429 840 480 nuris
859 427 996 480 LOGICAE

773 754 880 826 CAP.
908 751 960 826 ΙΙ.

525 919 586 993 De
603 917 850 1014 Propositione
868 913 1081 1011 Cotegorico
1091 936 1198 1011 pura.

395 1094 430 1189 ᾗ.
457 1091 488 1164 l.
512 1091 686 1164 Susanna
704 1089 793 1161 Pars
811 1087 959 1183 Logioae
976 1085 1051 1182 agit
1064 1083 1110 1156 de
1123 1081 1388 1180 Propositione·

343 1217 418 1290 sive
435 1213 718 1296 nuntiarum
743 1210 844 1308 quod
868 1218 925 1283 est
948 1208 1091 1306 signum
1114 1203 1285 1279 seoundae
1304 1227 1389 1300 ope-

345 1339 495 1411 rationis
522 1335 750 1420 IntellectuS,
775 1333 850 1406 sive
877 1331 1062 1404 Judicium
1095 1328 1212 1401 verbis
1242 1349 1388 1423 expres·

345 1486 438 1536 sum.

395 1584 533 1670 Quare,
551 1581 597 1656 ad
616 1578 907 1677 Propositionem
925 1575 1126 1674 legitimam
1143 1573 1351 1671 requiritur.

187 1719 337 1770 velut-⁶³·
398 1708 429 1779 l.
456 1706 593 1787 Quoad
626 1725 768 1788 vocem,
797 1708 839 1772 ut
869 1700 916 1772 sit
949 1699 1075 1772 Oratio
1109 1693 1307 1794 qffi'rrnorub
1336 1693 1391 1769 uel

344 1852 489 1926 negans,
507 1853 592 1924 quae
610 1835 666 1900 est
683 1826 761 1922 ejus
779 1823 937 1897 essentia.

185 1964 337 2014 Dent-te&
395 1951 430 2025 2.
457 1951 594 2031 Quoad
611 1972 772 2035 sensum,
789 1953 830 2019 ut
847 1970 964 2020 verum
981 1946 1037 2019 vei
1049 1945 1189 2040 sotrum
1205 1942 1391 2042 significet,

346 2073 410 2167 (id.
429 2073 504 2148 scil.
524 2071 624 2170 quod
640 2095 699 2144 res
717 2079 785 2156 est,
798 2068 856 2141 vel
874 2093 992 2154 saeua,
1006 2068 1133 2163 dioat,)
1152 2066 1250 2164 quod
1269 2089 1390 2139 essen·

349 2333 360 2352 ‚
385 2285 398 2314 ¹
419 2285 436 2308 ‘⁴
449 2273 511 2334 Sed
531 2291 601 2331 cum
621 2273 807 2332 disseramus
827 2271 864 2330 de
883 2272 1038 2340 Oratione,
1055 2272 1142 2349 eujus
1161 2272 1250 2330 variae
1273 2271 1391 2347 speeies

346 2376 426 2437 sunt,
433 2413 505 2428 ......
510 2375 557 2427 est
580 2387 643 2426 una
664 2369 744 2426 inter
767 2368 823 2426 has
851 2367 889 2426 ad
914 2369 1105 2444 propositum
1129 2369 1297 2444 potissima,
1323 2385 1390 2443 qua

345 2466 585 2542 pronunciabilis
607 2465 785 2541 appellatur,
801 2465 971 2523 absolutam
993 2465 1176 2524 sententiam
1197 2465 1392 2540 eomprehen-

347 2563 432 2632 dans‚
455 2564 521 2622 sola
541 2581 577 2622 ex
598 2564 741 2622 omnibns
762 2564 880 2621 veritati
901 2571 954 2620 aut
974 2541 1098 2622 falsitati
1124 2563 1269 2621 obnoxia:
1301 2581 1391 2638 quam

346 2666 433 2718 vocat
453 2660 578 2735 Sergius
599 2659 723 2734 effatum,
744 2659 839 2718 Varro
862 2660 1047 2734 proloquium,
1074 2659 1180 2717 (licam
1204 2661 1392 2726 enuntiatum,

349 2756 449 2814 Graeoi
474 2757 604 2829 protono
630 2762 695 2812 tum
725 2757 859 2822 oaioma,·
863 2800 935 2814 ......
940 2754 1118 2813 familiarius
1146 2763 1249 2813 tamen
1277 2754 1394 2813 dicetur

343 2850 525 2924 propositio.''
565 2849 713 2925 Apuleius
739 2849 777 2907 de
801 2850 912 2928 Dogm.
936 2850 1080 2918 Platonis,
1103 2852 1218 2910 libili.
1261 2851 1312 2909 Ha
1337 2851 1392 2908 has

348 2953 403 3004 not
416 2945 642 3021 distinguished
652 2945 788 3005 between
800 2950 948 3022 dudpovru
964 2947 1024 3006 and
1036 2949 1265 3023 sparnum-tha
1282 2948 1394 3006 former

348 3041 383 3099 of
399 3041 497 3097 which
519 3041 546 3097 is
566 3039 716 3099 rendered
737 3042 777 3118 by
797 3041 947 3100 Boethius
967 3046 1138 3111 connotatio,
1151 3045 1203 3102 the
1224 3045 1314 3102 latter
1330 3063 1393 3118 pro-

345 3136 456 3209 positio.
499 3133 557 3191 Sae
579 3133 840 3212 Trendelenburg,
861 3136 960 3194 Elam.
976 3139 1005 3216 5.
1020 3139 1046 3194 2.
1090 3138 1281 3213 “’nrdpmou
1300 3157 1394 3214 quum

349 3231 386 3290 ad
399 3231 609 3308 syllogismum
621 3231 844 3290 instituendum
857 3240 1002 3308 tanquam
1016 3235 1182 3309 propositio
1194 3254 1261 3311 quae
1273 3243 1395 3293 vocatur

348 3327 507 3403 praemissa
535 3326 705 3394 adhibetur,
733 3336 860 3404 πρότασις
887 3329 1024 3388 dieitur.''
1078 3331 1148 3388 And
1182 3349 1216 3390 so
1249 3333 1392 3408 Aquinas,

349 3425 462 3502 Opuso.
483 3424 575 3482 xlviii.
601 3423 701 3482 Traot.
728 3424 766 3484 da
790 3425 911 3484 Enuua.
937 3445 1001 3503 aap.
1030 3431 1056 3484 l.
1094 3427 1294 3504 “Propositio
1322 3445 1394 3485 nam

350 3524 449 3582 solum
465 3521 575 3579 dicitur
592 3520 629 3579 da
651 3522 819 3597 promissis
838 3523 935 3597 ipsius
955 3523 1132 3600 syllogismi,
1148 3523 1202 3582 sad
1221 3525 1394 3583 enuntiatio

349 3623 410 3674 tam
433 3615 471 3674 da
492 3617 659 3690 premissi·
684 3635 774 3690 quom
801 3617 838 3676 de
853 3619 1076 3678 conclusione.”
1117 3621 1185 3679 Tha
1208 3621 1393 3690 distinction,

349 3711 494 3776 however,
521 3711 547 3767 is
573 3717 628 3767 not
652 3711 778 3786 implied
803 3715 835 3771 in
861 3715 912 3773 the
938 3715 1113 3774 definitions
1139 3716 1174 3775 ol
1197 3718 1249 3782 the
1274 3727 1331 3776 two
1356 3719 1395 3794 by

349 3803 502 3869 Aristode,
519 3802 557 3860 de
571 3801 632 3860 Int.
648 3807 675 3860 b.
691 3808 718 3863 a.
734 3806 793 3864 and
808 3809 895 3867 Anal.
911 3810 959 3868 Pr.
974 3812 993 3868 i.
1013 3816 1036 3869 1.
1052 3815 1079 3869 2.

390 3899 404 3938 b
426 3899 525 3956 Oratio
544 3899 697 3974 affirmans,
718 3907 1019 3980 nardorum-nepam,
1037 3911 1179 3984 ἀπόφασις,
1222 3908 1324 3967 Thaso
1346 3927 1396 3968 are

351 3993 482 4069 litarally
496 3992 644 4052 rendered
659 3995 698 4072 by
712 3997 868 4073 Apuleius,
884 4002 1045 4077 Propertio
1065 4006 1221 4063 dedicativo
1241 4005 1302 4064 and
1321 4007 1397 4064 obdi-

352 4089 454 4146 ration.
496 4088 562 4146 Tha
583 4088 725 4167 ordinary
739 4093 928 4172 renderings,
943 4101 1095 4175 affimatio
1119 4100 1178 4157 and
1202 4103 1326 4174 negotio,
1347 4119 1397 4160 ora

354 4185 420 4245 first
433 4185 508 4244 nsod
523 4184 562 4261 by
575 4181 733 4246 Boethius.
777 4189 834 4246 Sao
851 4191 963 4262 Prantl,
980 4195 997 4253 i.
1013 4214 1042 4272 p.
1060 4199 1126 4254 521.
