3142 4976
365 445 434 520 148
783 469 978 519 Arrunurx.

413 645 586 741 Congrue
604 644 767 741 loquere,
787 644 1003 742 Chrysippe,
1021 654 1058 716 et
1075 645 1257 742 intelliges
1276 645 1332 718 Te
1351 644 1409 717 vel

361 769 453 845 nihil
470 794 633 868 prorsus,
647 772 704 844 vel
721 771 812 844 nihil
829 771 950 844 dicere
968 771 1125 845 difficile.
1168 771 1243 852 Qui
1261 795 1299 844 se
1318 769 1408 845 dicit

361 895 550 982 mentitum,
568 905 606 967 et
629 919 756 967 verum
779 895 878 982 dicit,
901 897 1062 969 mentitus
1084 909 1136 968 est
1147 923 1159 979 ;
1195 895 1266 980 Qui
1288 893 1410 967 menti-

363 1032 489 1105 turnm,
507 1020 699 1092 mentietur.
755 1019 898 1093 Horum
924 1031 1122 1117 utrumque
1139 1043 1266 1092 verum
1284 1028 1353 1104 est,
1370 1028 1409 1090 et

361 1142 499 1216 nemini
523 1143 731 1217 obscurum.
784 1143 854 1215 Sed
878 1145 941 1240 qui
964 1153 1006 1216 ut
1030 1166 1155 1215 verum
1181 1142 1287 1215 simul
1310 1141 1409 1214 dicat

362 1277 401 1342 et
424 1268 623 1340 mentiatur
646 1267 734 1340 dicit
757 1290 872 1340 unum
895 1265 1045 1364 aliquid,
1068 1265 1173 1363 cujus
1196 1279 1320 1363 partes
1342 1265 1410 1338 sibi

360 1392 515 1466 invicem
546 1391 816 1477 contradicunt,
842 1390 871 1464 is
899 1415 968 1463 nec
999 1415 1139 1478 verum,
1167 1415 1233 1464 nec
1264 1389 1409 1475 falsum,

362 1517 427 1590 sed
458 1516 607 1589 omnino
638 1515 728 1590 nihil
759 1515 868 1588 dicit:
909 1516 1057 1613 quando
1088 1517 1185 1590 enim
1216 1517 1407 1589 sententiae

362 1665 446 1737 pers
470 1665 544 1712 una
567 1640 697 1713 evertit
720 1639 884 1726 alteram,
909 1651 988 1713 tota
1012 1640 1101 1714 nihil
1128 1665 1278 1738 prorsus
1302 1640 1411 1738 signi·

363 1763 460 1848 licat,
479 1763 543 1836 sed
560 1764 719 1837 inaniter
736 1764 874 1860 strepit.

413 1885 589 1959 Subtilius
616 1886 801 1984 disputare
829 1887 1046 1962 videbantur
1074 1890 1137 1986 qui
1163 1890 1213 1962 sic
1240 1890 1411 1985 agebant.

366 2010 547 2086 Cretenses
572 2037 644 2085 esse
664 2013 844 2085 mendaces
869 2013 954 2086 dicit
978 2013 1202 2110 Epimenides
1223 2013 1410 2086 Cretensis.

362 2136 542 2210 Mentitur
565 2136 678 2235 igitur
688 2165 703 2220 ,·
734 2137 833 2232 Ergo
858 2138 924 2210 Ilii
948 2149 1028 2210 sunt
1053 2163 1191 2212 veraces
1201 2165 1216 2222 ;
1252 2139 1353 2234 Ergo
1377 2149 1412 2210 et

363 2259 434 2334 Ille
450 2285 567 2334 uerum
585 2261 692 2344 dicte·
720 2261 819 2356 Ergo
838 2260 904 2333 Illi
919 2287 1042 2335 rursus
1058 2275 1139 2334 snnt
1156 2263 1334 2335 mendaces
1348 2262 1412 2334 dec.

364 2385 438 2459 Sed
458 2383 623 2482 profecto
643 2383 733 2457 nihil
751 2385 898 2458 stultius
916 2400 972 2480 est
991 2385 1061 2457 hoc
1081 2388 1324 2482 ArgumentO,
1342 2387 1412 2458 nisi

364 2531 437 2581 vox
467 2509 649 2582 Cretenses
677 2533 741 2581 eos
772 2509 819 2582 ad
850 2534 964 2582 unum
998 2534 1126 2583 omnes
1156 2507 1349 2605 significet,
1376 2523 1412 2583 et

365 2632 494 2706 Omnis
513 2633 673 2705 mendax
691 2633 867 2730 quicquid
885 2635 972 2707 dicit
990 2631 1213 2708 mentiatur‘.

415 2755 568 2828 Videtur
600 2754 658 2827 hic
689 2757 868 2829 Mentiens
898 2759 1081 2854 peperisse
1112 2759 1279 2831 subtilem
1311 2757 1413 2831 illam

366 2876 677 2951 Scholasticorum
697 2882 740 2952 de
753 2880 1003 2954 Insolndiiidus
1020 2881 1237 2956 doctrinam.
1276 2890 1300 2921 “
1315 2882 1411 2955 Nam

365 2999 490 3072 “talia
508 3015 726 3096 argumenta
745 3003 882 3100 (inquit
899 3004 1043 3099 Occam)
1063 3029 1136 3078 non
1159 3017 1313 3103 possunt
1337 3005 1414 3079 fieri

365 3133 389 3165 “
404 3125 471 3196 nisi
490 3126 638 3220 quando
664 3138 769 3200 actus
794 3127 977 3201 humanus
1001 3130 1146 3227 respicit
1163 3131 1272 3203 istum
1294 3131 1417 3204 termi-

366 3260 490 3322 “num
510 3248 665 3338 Falsum,
684 3251 739 3324 vel
759 3250 918 3348 aliquem
937 3253 1163 3326 consimilem
1181 3255 1415 3340 affirmative3

368 3385 392 3416 “
406 3375 465 3448 vel
477 3375 577 3448 hunc
590 3377 786 3448 terminum
804 3375 839 3448 V
835 3401 940 3463 erum,
949 3376 1006 3450 vel
1018 3376 1177 3474 aliquem
1190 3378 1418 3452 consimilem

369 3509 392 3540 “
408 3501 626 3597 rregative⁸.”
679 3499 770 3572 Esse
796 3499 876 3571 haec
895 3499 1121 3596 Sophismnto
1144 3513 1228 3574 ante
1250 3501 1415 3586 dixerat;

370 3647 439 3694 nec
473 3623 594 3695 vocari
626 3623 846 3707 Insolubilia,
880 3631 903 3662 “
922 3625 1009 3719 quia
1042 3624 1145 3698 nullo
1180 3625 1291 3697 modo
1326 3625 1419 3698 solvi

370 3756 395 3788 “
408 3757 575 3844 possunt,
593 3746 659 3819 sed
677 3747 764 3842 quia
781 3771 866 3820 cum
884 3747 1100 3821 difficultate
1117 3749 1343 3824 solvuntur.”

411 3973 516 4031 ‘This
537 3970 657 4046 Fallacy
675 3970 701 4027 is
721 3970 824 4029 solved
846 3971 883 4046 by
902 3970 997 4039 Fries,
1016 3977 1041 4044 t.
1061 3975 1126 4029 109.
1168 3978 1192 4029 A
1213 3991 1284 4030 mon
1306 3974 1372 4032 who
1391 3975 1420 4031 is

371 4072 475 4144 alnroys
494 4067 586 4126 aliar
605 4074 718 4124 cannot
736 4067 871 4143 possibly
890 4085 941 4143 ssy
958 4085 993 4126 or
1012 4068 1104 4145 impl)¹
1122 4067 1167 4126 ‘⁶1
1186 4069 1226 4128 lie
1238 4069 1262 4137 :¹³
1290 4069 1337 4128 tor
1356 4071 1419 4128 this

371 4165 470 4224 would
484 4165 521 4223 be
537 4183 555 4222 s
569 4163 661 4228 truth,
677 4163 737 4221 end
753 4164 823 4221 thus
838 4165 877 4222 he
892 4165 991 4223 would
1006 4175 1061 4224 not
1074 4167 1112 4224 be
1127 4169 1235 4243 elivcys
1251 4186 1269 4224 s
1282 4168 1348 4226 liar.

410 4275 421 4310 ¹
442 4260 563 4329 Oecsm,
578 4260 694 4334 Lepino,
710 4259 752 4316 iii.
767 4263 794 4317 8.
810 4278 874 4336 cap.
889 4264 938 4318 tn.
