3128 4976
575 477 805 528 RUDIMENTA.
1167 455 1214 528 19

161 678 319 752 quornm
360 663 565 752 conceptus
608 679 648 727 se
691 663 823 728 mutuo
866 653 1134 752 ingrediuntur,
1170 663 1213 728 nt

162 779 276 854 Pater
291 792 326 854 et
349 779 465 853 Filius
475 807 490 853 .·
515 802 602 852 nom
620 786 658 851 et
673 777 737 852 illo
754 787 994 876 opponuntur
1011 777 1209 864 absolutis;

161 905 226 979 sed
243 915 424 979 vocantur
439 902 588 1001 proprio
606 902 756 976 nomine
773 901 968 998 Relation]

211 1031 245 1107 7.
276 1027 539 1113 Conuenientia,
570 1033 657 1100 sunt
691 1050 775 1122 quae
810 1035 969 1124 possunt
1002 1024 1048 1098 de
1078 1025 1210 1098 eodem

161 1152 270 1226 simul
300 1152 384 1240 dici,
413 1161 457 1226 ut
487 1152 608 1228 dontio
637 1164 672 1227 et
697 1152 805 1250 pius:
837 1151 1104 1251 Repugnontio‚
1134 1150 1210 1226 sive

164 1275 350 1374 Opposita,
368 1301 454 1374 quae
470 1300 546 1350 non
564 1283 731 1374 possunt,
747 1287 791 1349 nt
809 1277 926 1360 album
942 1287 977 1349 et
994 1273 1165 1374 nigmml.

212 1397 444 1498 [Oppositiol
461 1399 692 1496 incomplexe,
709 1399 785 1473 sive
808 1398 1051 1472 terminorum
1075 1398 1274 1496 simpli-co
1286 1413 1325 1461 10·
1339 1414 1361 1461 1·

160 1525 271 1610 oium,
297 1533 355 1597 est
380 1524 532 1598 omnino
558 1522 814 1621 quadruplex:
850 1523 882 1596 1.
908 1521 1087 1610 Relativo,
1114 1522 1210 1596 inter

159 1649 336 1722 terminos
359 1649 543 1735 relativos,
565 1659 608 1721 nt
630 1648 780 1721 Patrem
802 1659 836 1721 et
857 1649 1001 1722 Filium.
1053 1649 1088 1722 2.
1119 1648 1211 1722 θοιν-
1238 1691 1243 1702 ·

158 1773 287 1859 troriu,
315 1773 412 1846 inter
446 1773 653 1860 contrarios,
678 1773 701 1846 i.
725 1797 756 1848 e.
781 1773 969 1846 absolutos
1003 1795 1042 1846 se
1076 1781 1208 1846 mutuo

158 1897 337 1995 pellentes
363 1922 410 1971 ex
436 1897 603 1995 subjecto
630 1897 839 1971 alterutrius
864 1896 1001 1995 capaci,
1026 1905 1067 1972 ut
1091 1897 1208 1971 album

157 2033 192 2095 et
209 2021 362 2120 nigrum.
414 2023 449 2096 3.
478 2022 671 2108 Privativo,
688 2022 784 2094 inter
807 2021 1028 2118 privativum
1052 2029 1091 2093 et
1112 2022 1209 2118 posi-

157 2145 286 2232 tivum,
311 2153 355 2220 ut
384 2145 555 2219 oidemem
585 2156 620 2219 et
645 2115 801 2219 ocenum.¹
839 2144 874 2218 4.
908 2145 1208 2231 contradictorio,

156 2265 253 2340 inter
277 2269 477 2365 positivum
501 2278 539 2341 et
565 2268 788 2366 negativum,
811 2267 974 2365 intellige
1000 2241 1145 2340 finitutn
1171 2273 1208 2339 et

156 2391 354 2480 infinitum,
367 2402 410 2467 ut
423 2394 593 2466 hominem
605 2404 640 2465 et
654 2391 919 2464 noo-homiuem.
964 2390 1058 2462 Haec
1073 2400 1129 2462 est
1143 2414 1209 2485 op-

156 2517 382 2614 positionum
399 2516 572 2604 maxima,
585 2516 673 2613 quia
685 2513 828 2588 nullum
846 2513 1006 2586 admittit
1023 2513 1205 2597 medium

156 2663 278 2739 neque
308 2641 614 2739 Portioipotionis,
640 2638 749 2737 quale
776 2646 832 2712 est
860 2637 1006 2711 luscum
1036 2646 1207 2734 respectu
1217 2656 1271 2706 eat.
1284 2657 1323 2704 ιο.
1333 2659 1358 2706 s.

157 2765 230 2838 albi
252 2774 289 2839 et
312 2766 409 2866 nigri
419 2794 434 2851 ,·
464 2789 585 2863 neque
609 2763 881 2863 Abnegotioois,
905 2761 1013 2859 quale
1037 2770 1093 2833 est
1115 2761 1207 2858 lapis

191 3113 201 3164 l
225 3113 426 3190 Ropupnontio
450 3112 561 3172 should
585 3120 642 3170 not
668 3111 707 3170 be
732 3110 912 3170 considered
936 3129 969 3169 ss
995 3129 1204 3189 synonymons

155 3209 226 3268 nith
246 3211 381 3285 opposito.
431 3209 533 3268 There
558 3227 609 3268 nro
633 3225 725 3283 many
746 3213 934 3284 repugnante
956 3205 1055 3264 which
1075 3225 1127 3265 ore
1148 3215 1205 3266 not

155 3305 299 3366 included
317 3305 417 3371 under
435 3324 495 3383 eny
508 3304 543 3364 ol'
556 3304 726 3362 Aristotle’s
746 3301 814 3361 iour
832 3301 939 3360 modes
959 3300 993 3358 ol
1009 3303 1203 3376 opposition;

131 3431 136 3442 ·
154 3419 180 3460 e.
195 3420 222 3479 g.
237 3405 288 3460 red
301 3401 362 3461 ond
376 3403 438 3459 blus
452 3419 502 3459 are
516 3407 698 3476 repugnant,
713 3399 770 3458 but
782 3403 838 3456 not
851 3394 996 3472 opposed.

192 3497 203 3531 ¹
224 3502 333 3574 Δι’γιτσι
351 3501 379 3556 δὲ
398 3500 486 3573 ἕτερον
504 3501 583 3576 hipp
599 3499 758 3555 ἀντικεῖσθαι
775 3499 913 3568 τετραχῶς,
930 3494 994 3564 hdo
1012 3495 1045 3548 τὰ
1062 3496 1128 3566 πρός
1139 3517 1172 3558 τι,
1189 3494 1205 3564 ἢ

152 3597 186 3654 in
203 3599 235 3652 τὰ
256 3597 364 3660 ι’νιιντίιι,
382 3597 397 3665 h
416 3596 451 3652 du
467 3596 592 3668 στέρησις
609 3597 651 3650 καὶ
670 3594 731 3663 ἕξις,
751 3593 766 3663 ἢ
785 3593 820 3648 ὣς
838 3589 1044 3662 κατάφασισκαὶ
1062 3589 1204 3662 ἀπόφασις.

151 3683 301 3747 Ἀντίιιιιτσι
319 3692 347 3746 tl
365 3691 475 3746 ἕκαστον
491 3696 542 3745 τῶν
558 3687 681 3745 τοιοῦτιιν
698 3691 733 3746 ὥς
749 3685 822 3762 simp
840 3685 921 3742 εἰπεῖν
937 3686 971 3743 ὧς
988 3685 1037 3756 μὲν
1053 3686 1086 3740 τὰ
1103 3688 1167 3759 πρός
1180 3707 1205 3741 τι

150 3781 203 3842 olor
219 3789 250 3842 τὸ
270 3787 411 3842 διπλάσιον
427 3789 465 3859 τῷ
482 3785 578 3856 ἡμίσει,
592 3785 628 3840 ds
640 3783 669 3838 δὲ
686 3784 719 3836 τὸ
734 3781 842 3844 ἐναντία,
857 3777 912 3836 οἶον
923 3783 953 3835 τὸ
967 3782 1043 3836 κακὸν
1056 3783 1093 3855 τῷ
1106 3779 1204 3856 ἇγαθᾷ,

150 3883 184 3940 du
203 3884 232 3938 tl
252 3883 285 3937 τὸ
304 3882 369 3936 κατὰ
388 3881 513 3954 στέρησιν
529 3882 571 3936 καὶ
589 3879 651 3948 ἕξιν,
665 3875 720 3934 οἷον
736 3880 869 3951 τυφλότης
885 3879 927 3932 καὶ
941 3877 1014 3950 dilus,
1028 3879 1063 3934 ὧι·
1081 3877 1110 3931 δὲ
1128 3877 1204 3930 κατά-

149 3979 233 4050 φασις
246 3979 288 4034 καὶ
300 3977 444 4048 ἀπόφασις,
455 3973 509 4032 οἶον
518 3975 623 4045 κάθηται
633 3975 664 4029 οὗ
674 3975 787 4044 κάθηται.
812 3969 877 4030 cat.
890 3975 936 4029 10.
948 3975 975 4029 l.
1004 3970 1049 4029 ΟΥ.
1063 3969 1200 4045 Metuph.

150 4069 186 4129 iv.
204 4074 252 4129 10.
294 4067 470 4126 Gontrnnies
485 4085 536 4126 ere
550 4067 603 4126 the
617 4075 676 4125 two
691 4073 773 4125 most
787 4067 926 4142 opposito
941 4065 1083 4142 qualities
1098 4063 1132 4122 ol
1147 4065 1199 4124 the

149 4183 232 4224 some
244 4164 324 4222 class
334 4162 369 4221 oi
377 4162 520 4240 subjecte,
531 4181 556 4221 e.
566 4181 595 4240 g.
603 4164 683 4221 blook
694 4160 754 4220 ond
765 4163 854 4231 white,
864 4181 897 4222 es
906 4162 1026 4222 colonis
1035 4160 1070 4219 ol
1077 4159 1197 4226 bodies;

147 4263 235 4320 virtue
249 4258 312 4320 ond
325 4260 392 4328 eoo,
407 4276 440 4318 os
454 4259 556 4319 habits
572 4259 606 4319 of
617 4260 669 4318 the
684 4260 760 4318 soul.
795 4258 840 4319 Gs.
857 4260 924 4319 Cat
941 4263 987 4318 ll.
1003 4262 1030 4317 t.

640 4365 703 4437 02
