3142 4976
356 426 427 499 118
756 449 862 498 suris
881 449 1019 498 nomem

353 625 464 700 ditur.
516 624 588 699 Sed
611 634 740 700 nostro
765 625 898 700 sufficit
919 626 1098 713 instituto,
1116 625 1218 723 quod
1241 623 1334 712 haec,
1352 624 1398 698 de

355 775 429 852 qua
469 750 669 848 loquimur,
703 751 967 849 Propositionis
1008 751 1212 837 Evidectic,
1245 749 1302 822 vel
1342 758 1399 822 est

358 876 390 949 l.
416 876 620 950 Aciometis
649 883 782 973 sponte
812 875 1016 973 perspicui;
1051 875 1110 948 cui
1139 872 1292 972 proinde
1321 871 1399 946 sine

354 1000 430 1075 ulla
466 999 681 1098 probatione
715 1001 956 1074 assentimur:
999 999 1056 1074 vel
1090 999 1125 1072 2.
1163 998 1401 1073 Conclusionis

354 1125 400 1200 ab
434 1123 611 1222 ejusmodi
646 1124 889 1199 axiomatibus
923 1125 1138 1220 (immediate
1171 1148 1218 1196 an
1253 1123 1402 1198 mediate

354 1273 486 1347 parum
519 1247 640 1335 resert,
674 1247 803 1343 modo)
838 1249 907 1322 rite
942 1248 1124 1324 deductoe.
1183 1247 1279 1320 Nam
1315 1271 1401 1320 cum

356 1397 430 1447 una
456 1374 501 1448 sit
526 1371 681 1458 Veritas,
705 1373 772 1446 sibi
795 1381 980 1459 constans,
1003 1382 1163 1471 apteque
1186 1370 1399 1455 cohaerens;

357 1495 532 1594 quodque
555 1518 697 1582 verum,
715 1494 774 1570 vel
796 1519 862 1592 per
885 1519 924 1568 se
948 1505 1088 1569 certum
1115 1505 1227 1590 atque
1253 1493 1402 1568 evidens

357 1620 415 1706 sit,
433 1619 491 1691 vel
509 1643 594 1692 cum
612 1619 731 1692 effatis
753 1618 973 1715 quibusdam
991 1619 1100 1692 certis
1118 1629 1157 1691 et
1172 1617 1403 1692 evidentibus

357 1745 559 1819 necessario
579 1768 814 1831 connexum;
842 1745 897 1832 fit,
915 1755 958 1819 ut
978 1746 1249 1844 quamprimum
1274 1769 1403 1843 appre-

355 1868 528 1942 henditur
554 1867 635 1942 haec
663 1869 858 1957 connexio,
880 1870 1008 1943 eadem
1034 1871 1157 1943 omnia
1186 1870 1289 1967 quasi
1319 1869 1401 1942 luce

355 1991 513 2090 perfusa,
531 2016 656 2090 parem
675 1993 832 2092 (specie)
851 2003 1127 2091 consequantur
1144 2019 1345 2069 assensum.

213 2346 292 2426 ’ἶῖ
357 2389 525 2439 assensus
543 2364 642 2463 apud
661 2365 818 2463 Logicos
832 2377 987 2442 vocatur
1001 2369 1168 2442 Scientia.
1217 2368 1283 2441 Est
1295 2367 1405 2465 igitur

357 2489 518 2563 Scientia
541 2490 769 2564 conclusionis
785 2503 891 2564 certe
913 2504 948 2565 et
970 2493 1187 2579 evidentias
1209 2491 1405 2589 praemissis

359 2614 468 2687 certis
493 2621 531 2685 et
553 2613 784 2688 evidentibus
809 2614 971 2711 legitime
999 2611 1196 2692 deductae¹.
1249 2617 1407 2690 Certitu·

359 2736 482 2809 dinem
506 2761 594 2810 vero
620 2747 815 2834 utramque
832 2739 1016 2838 intelligo;
1043 2750 1081 2814 et
1099 2751 1292 2838 utramque
1311 2741 1404 2835 (tam
1491 2835 1496 2840 Ι
1559 2779 1560 2830 t

361 2859 506 2955 Objecti
527 2861 666 2934 scilicet
684 2887 799 2958 ,quam
826 2863 1006 2961 Subjecti)
1026 2865 1256 2939 evidentiam.
1309 2865 1407 2938 Nam

200 2998 331 3113 pqslfost
361 3006 427 3080 per
451 2982 597 3080 Objecti
626 2986 882 3060 certitudinem
915 2989 1076 3063 Scientia
1101 2989 1336 3086 distinguitur
1361 2988 1406 3063 ab

361 3107 526 3191 Errore,·
560 3131 626 3202 per
653 3109 817 3206 Subjecti
840 3112 1096 3185 certitudinem
1123 3113 1169 3185 ab
1199 3111 1407 3212 opiniones.

360 3280 484 3340 Aldrich
506 3283 638 3360 perhaps
659 3285 731 3342 took
754 3283 832 3342 from
858 3285 1097 3362 Grakanthorpe,
1119 3287 1186 3346 who
1207 3304 1278 3345 uses
1303 3288 1410 3346 certeis

361 3378 421 3438 and
441 3380 549 3438 eciderit
570 3399 603 3438 ss
624 3399 831 3458 synonymoue
853 3389 964 3450 terms3
989 3383 1046 3441 but
1063 3385 1102 3442 hc
1122 3382 1244 3460 departs
1264 3383 1342 3442 from
1360 3383 1408 3442 hie

361 3475 509 3552 principal
531 3476 692 3554 authority,
709 3477 893 3544 Sanderson‚
909 3478 970 3536 and
985 3479 1010 3536 is
1025 3479 1230 3538 inconsistent
1243 3478 1315 3538 with
1334 3479 1408 3537 him·

363 3573 428 3632 seli.
470 3575 593 3636 Evident
614 3575 725 3634 should
747 3576 784 3634 be
806 3574 923 3634 limited
945 3585 977 3635 to
996 3577 1048 3635 the
1066 3578 1193 3646 axioma,
1209 3578 1261 3636 the
1281 3577 1410 3654 original

362 3671 511 3745 premises
525 3670 559 3728 oi
570 3671 828 3738 demonstratiom
849 3674 965 3740 certain,
981 3679 1012 3732 to
1026 3673 1079 3731 tho
1094 3674 1281 3732 conclusion.

403 3764 409 3799 ¹
430 3763 461 3820 It
471 3764 570 3822 would
582 3765 619 3822 be
631 3766 730 3824 better
740 3774 771 3824 to
783 3785 843 3842 say,
857 3769 1090 3826 “conclusionis
1102 3777 1201 3836 comm.
1213 3768 1409 3845 aprmmissis

363 3859 452 3916 certis
467 3859 514 3918 vel
529 3858 746 3920 evidentibus.''
787 3863 855 3920 The
874 3865 1023 3939 promises
1037 3866 1069 3922 in
1085 3865 1327 3926 domonstration
1343 3883 1409 3942 may

363 3954 400 4012 be
415 3953 574 4012 cxiomatic
588 3957 763 4032 principles,
776 3977 810 4016 or
821 3959 874 4019 the
886 3960 1081 4020 conclusione
1092 3961 1127 4020 os
1137 3964 1277 4038 previous
1288 3963 1409 4022 demon·

363 4049 515 4108 strations.
559 4050 597 4107 In
619 4051 692 4109 both
712 4071 796 4112 cases
813 4056 864 4113 the
878 4058 975 4116 result
994 4058 1020 4116 is
1039 4060 1165 4126 scientie,
1181 4060 1299 4136 though
1313 4061 1345 4117 in
1360 4059 1410 4116 the

362 4145 451 4204 latter
466 4145 517 4204 the
532 4145 772 4208 demonstretion
789 4153 814 4208 is
829 4160 884 4210 not
893 4155 1048 4228 potissimo.

401 4253 418 4280 ¹
440 4243 562 4321 Strictly
585 4245 740 4322 speaking,
763 4248 909 4326 objective
938 4251 998 4310 and
1027 4252 1192 4329 subjective
1214 4254 1361 4328 certainty
1381 4249 1413 4308 oi
