3142 4976
626 468 820 519 seranum.
1176 446 1242 524 157

116 699 120 710 .
250 644 284 740 §.
315 645 370 717 ll.
397 642 604 717 Vonsurnn
621 643 681 716 hic
699 642 863 716 desinere
890 644 1022 742 pungit
1039 646 1244 742 scrupulus,

195 768 260 864 qui
293 765 493 841 nonnullos
526 765 653 849 hodie,
671 766 957 842 Mathematicos
990 767 1086 841 male
1120 769 1243 842 habet.

197 889 295 964 Nam
330 891 366 963 in
403 891 787 964 Demonstrationibus
821 892 1053 988 quibusdam,
1084 893 1244 967 Conclu-

199 1015 337 1088 sionem
357 1039 403 1088 ex
425 1015 480 1087 sui
506 1014 812 1101 Contradicton'a,
827 1039 895 1113 per
916 1015 1096 1112 legitimas
1120 1041 1244 1090 neces-

196 1139 380 1236 sariasque
427 1139 709 1234 consequentias
756 1139 892 1212 directe
939 1139 1061 1212 inferri
1104 1141 1242 1215 volunt.

197 1264 309 1344 Quod
349 1263 379 1336 si
412 1263 464 1336 ita
498 1263 555 1349 sit,
589 1262 701 1336 miror
739 1287 762 1336 a
802 1261 1008 1349 Veteribus,
1042 1265 1243 1362 praesertim

198 1388 376 1484 Scepticis
407 1411 479 1459 non
510 1387 621 1460 fuisse
652 1387 967 1471 animadversum
1006 1389 1141 1487 quippe
1172 1390 1244 1465 hoc

199 1510 286 1584 dato
304 1521 384 1584 tota
401 1521 484 1584 mat
503 1512 641 1606 Logica
658 1535 808 1584 necesse
826 1520 892 1585 est.

251 1634 390 1707 Dicunt
415 1644 541 1708 tamen
568 1634 821 1708 Theodosium
849 1635 1119 1711 demonstrasse
1146 1637 1246 1736 quod

198 1759 369 1833 siMnris
385 1760 583 1856 superficies
603 1785 671 1832 non
693 1772 745 1833 est
769 1758 964 1857 Sphaerica,
981 1775 1033 1836 est
1051 1762 1244 1860 Splroericc.

199 1883 338 1956 Verum
367 1883 428 1956 ille
456 1883 547 1956 nihil
577 1884 649 1957 tale
680 1883 966 1971 demonstravit;
1005 1887 1069 1960 sed
1100 1898 1245 1961 tantum

203 2007 318 2082 Maris
336 2006 565 2104 superficiem
583 2007 614 2080 si
631 2009 779 2081 nondum
796 1996 896 2096 esset,
902 2011 989 2107 sore
1007 2010 1224 2108 Sphericom
1234 2041 1248 2086 .·

202 2130 321 2228 siquid
339 2133 435 2204 enim
455 2132 613 2206 emineat
628 2131 780 2228 (inquit)
800 2132 890 2208 illud
909 2135 1043 2221 statim,
1057 2159 1102 2208 ex
1118 2145 1249 2210 natura

202 2255 355 2342 humidi,
372 2255 535 2330 subsidet
553 2283 561 2330 ε
589 2256 697 2330 Unde
716 2257 744 2328 si
765 2258 878 2331 Maris
896 2258 1106 2355 superficies
1124 2259 1171 2333 sit
1189 2259 1248 2353 (ut

203 2403 277 2454 non
297 2382 371 2477 est)
389 2378 592 2477 inaequalis,
599 2380 674 2477 fiet
690 2380 852 2477 perfecte
869 2381 1066 2478 Sphaerica.

253 2504 450 2582 Videamus
473 2503 571 2577 aliud
593 2503 826 2600 Exemplum.
879 2504 997 2577 Sunto
1015 2505 1158 2578 numeri
1175 2504 1249 2578 duo

202 2628 414 2726 inaequales,
440 2639 477 2702 et
506 2629 603 2702 inter
631 2653 670 2701 se
700 2628 828 2725 primi3
868 2629 959 2701 Dico
990 2629 1091 2726 quod
1121 2654 1250 2702 eorum

205 2751 411 2826 differentia
451 2752 497 2825 ad
537 2753 717 2826 minorem
754 2753 871 2850 prima
904 2762 972 2826 est.
1036 2753 1129 2826 Esto
1163 2755 1252 2828 enim

206 2902 368 2952 numerus
400 2877 528 2973 uliquis
568 2877 627 2972 qni
666 2876 807 2949 metitur
843 2877 1008 2949 minorem
1019 2904 1034 2960 ,·
1080 2876 1251 2976 idemque

204 3003 375 3077 metiatur
396 3002 663 3076 differentiam:
695 3002 795 3096 Ergo
822 3000 973 3074 metitur
999 3025 1127 3076 eorum
1154 3027 1253 3077 sum-

206 3151 303 3200 mam
317 3155 326 3213 ;
356 3129 456 3224 Ergo
470 3127 621 3201 metitur
634 3125 823 3223 majorem,
837 3125 922 3200 huic
937 3149 1092 3199 summae
1105 3151 1249 3223 parem;

206 3252 312 3350 Ergo
330 3279 398 3326 non
414 3252 556 3325 metitur
572 3253 746 3324 minorem.

256 3375 410 3449 Possum
428 3375 500 3447 hoc
514 3374 598 3447 loco
612 3374 733 3447 dicere
747 3372 847 3470 quod
861 3372 1037 3445 mendose
1050 3371 1249 3469 colligitur;

207 3497 318 3595 siquis
348 3499 444 3570 enim
476 3521 652 3572 numerus
681 3497 861 3570 minorem
890 3495 1063 3569 metiatur
1093 3519 1140 3568 ex
1168 3518 1252 3592 sup·
1314 3587 1319 3594 ι

206 3687 344 3764 problem
358 3687 385 3746 is
399 3695 431 3746 to
447 3689 551 3747 triseot
569 3707 607 3746 an
627 3689 719 3762 anyto,
735 3704 770 3745 or
789 3686 840 3744 the
860 3705 910 3743 nro
930 3684 1117 3762 subtending
1132 3704 1150 3742 a
1163 3684 1251 3762 given

204 3785 304 3861 angle.
345 3785 413 3843 The
438 3784 571 3843 solution
596 3792 628 3841 to
656 3782 754 3840 which
779 3780 903 3840 Aldrich
929 3779 1047 3839 allodes
1071 3799 1199 3857 appears
1221 3789 1252 3838 to

203 3880 280 3939 have
302 3880 381 3938 been
401 3878 436 3937 of
456 3879 516 3937 this
539 3878 625 3936 kind.
666 3877 699 3935 If
717 3895 757 3936 an
779 3895 828 3936 arc
848 3877 886 3935 be
905 3876 1007 3935 drawn
1029 3877 1255 3954 subtendinge

206 3976 294 4052 given
318 3976 407 4052 angle
421 3975 493 4033 with
517 3993 535 4033 a
557 3972 660 4033 radius
675 3992 755 4040 :m
780 3971 839 4030 and
863 3972 992 4030 another
1014 3972 1086 4030 with
1109 3991 1128 4031 a
1151 3972 1254 4032 radius

205 4095 244 4128 ==
259 4071 316 4151 ᾖα,
333 4071 384 4128 the
399 4071 489 4130 latter
507 4089 556 4129 erc
571 4069 692 4151 :poi
710 4069 763 4126 the
777 4067 896 4126 former.
940 4067 1003 4126 But
1017 4069 1068 4128 the
1088 4068 1187 4146 larger
1205 4087 1254 4127 arc

205 4169 232 4225 is
245 4177 302 4226 not
316 4167 442 4244 thereby
457 4167 607 4226 trisected.
651 4167 711 4225 For
723 4165 775 4224 the
791 4164 945 4223 materiale
959 4155 994 4224 oi
1011 4166 1073 4224 this
1087 4173 1160 4224 note
1175 4165 1191 4222 1
1206 4183 1255 4223 om

204 4264 352 4324 indebted
368 4271 398 4322 to
413 4262 571 4323 Professor
584 4261 633 4322 Do
649 4263 788 4339 Murgan.
