3122 4992
586 489 817 540 neptunum.
1205 471 1227 540 5

177 661 414 759 incomplexe
456 662 659 759 intelligere
703 665 793 761 quid
828 664 894 738 sibi
929 664 1043 738 velint
1085 665 1228 760 singula

175 784 360 858 Orationis
377 785 486 882 hujus
503 785 694 874 vocabula,
713 788 907 885 complexa
930 813 1018 862 vero
1037 789 1127 885 quid
1147 796 1227 863 tota

178 907 245 980 sibi
269 908 356 982 velit
382 907 546 982 oratioi:
575 909 672 989 Quin
699 917 736 982 et
758 910 871 1006 ipsius
895 911 1051 985 Naturae
1072 910 1225 985 lumineJ

176 1030 354 1128 intellige,
383 1033 467 1106 Duo
497 1031 674 1129 quaelibet
699 1033 845 1130 objecta
870 1034 929 1108 vel
953 1035 1050 1108 inter
1076 1058 1116 1109 se
1139 1060 1226 1108 con·

177 1153 313 1240 venire,
331 1153 388 1227 vel
406 1178 481 1228 non
506 1156 715 1242 convenire,
733 1163 771 1229 ct
792 1156 945 1253 proinde
969 1156 1086 1230 altera
1104 1159 1227 1254 Copu-

176 1275 294 1350 larum
321 1301 400 1350 esse
420 1277 635 1376 jungenda:
676 1279 853 1352 Nondum
885 1286 1009 1352 tamen
1036 1279 1106 1353 feci
1128 1280 1227 1378 judi-

176 1399 273 1473 cium
304 1400 424 1474 donec
452 1400 632 1497 Copulam
663 1400 994 1494 determinaverim,
1024 1402 1046 1474 i.
1066 1427 1097 1475 e.
1128 1403 1225 1501 apud

174 1525 354 1622 meipsum
374 1526 563 1597 statuerim
582 1524 663 1596 haec
689 1525 773 1596 Duo
796 1524 965 1621 Objecta,
989 1525 1224 1623 Triangulum

172 1645 427 1742 aequilaterum,
469 1655 507 1719 et
557 1648 791 1745 Triangulum
835 1648 1110 1745 oeqaiangnlam,
1153 1649 1223 1722 hac

175 1769 322 1866 Copula
346 1769 430 1856 Eat,
454 1793 529 1842 non
554 1775 678 1842 autem
702 1769 819 1842 altera
842 1769 1028 1858 Non-Eat,
1051 1782 1222 1870 oportere

175 1891 361 1990 conjungi.

224 2015 259 2088 3.
285 2011 510 2100 Diecnreueh
527 2022 584 2086 est
607 2021 729 2087 motus
753 2014 829 2088 sive
852 2040 1066 2113 progressus
1089 2021 1223 2093 mentis

213 2243 220 2282 ¹
242 2240 441 2318 conception,
463 2241 515 2299 the
535 2241 770 2317 Apprehension
796 2242 831 2300 os
851 2243 955 2319 Logia,
978 2243 1101 2320 implies
1125 2247 1221 2304 consi·

172 2337 297 2414 derably
311 2357 396 2397 more
418 2339 491 2396 than
513 2338 565 2396 the
586 2356 669 2396 mere
691 2337 936 2416 understanding
954 2339 989 2397 os
1005 2340 1057 2397 the
1077 2343 1222 2419 meaning

172 2434 207 2493 of
225 2435 322 2493 words
343 2454 378 2492 or
400 2440 570 2492 sentences.
611 2433 639 2491 A
660 2433 741 2490 word
763 2451 798 2491 or
819 2442 964 2492 sentence
985 2453 1054 2510 may
1074 2435 1113 2492 he
1134 2437 1220 2496 intel·

171 2531 277 2608 ligible
289 2532 377 2590 when
389 2531 441 2588 the
453 2531 561 2588 notion
574 2529 715 2606 signified
726 2529 753 2587 is
767 2529 1010 2597 inconceivable;
1032 2529 1153 2599 indeed,
1169 2533 1220 2592 the

172 2629 319 2704 meaning
339 2627 374 2685 of
392 2645 410 2686 a
428 2626 509 2685 word
531 2633 616 2684 must
634 2627 673 2684 be
693 2625 887 2694 understood,
908 2624 1011 2684 before
1025 2643 1069 2683 we
1090 2643 1146 2684 can
1168 2645 1221 2705 say

171 2724 308 2782 whether
335 2724 387 2782 the
416 2722 654 2798 corresponding
681 2721 780 2797 object
814 2721 840 2778 is
875 2720 1067 2780 conceivable
1095 2740 1130 2780 or
1155 2729 1219 2781 not.

172 2819 361 2896 Conception
381 2820 512 2878 consiste
532 2820 564 2876 in
584 2837 623 2876 an
644 2819 725 2894 anity
743 2819 777 2892 os
793 2819 1017 2892 representation,
1038 2818 1057 2874 i.
1069 2836 1094 2876 e.
1115 2818 1147 2876 in
1167 2819 1220 2877 the

169 2914 324 2991 paneros
341 2913 475 2989 forming
495 2931 514 2971 a
534 2913 648 2970 mental
672 2911 771 2988 image
792 2911 827 2969 of
847 2912 899 2969 the
922 2912 1036 2970 several
1058 2913 1219 2973 attributes

171 3013 259 3089 given
285 3011 317 3068 in
342 3028 401 3085 any
422 3009 503 3068 word
529 3027 564 3067 or
588 3007 795 3068 combination
821 3006 856 3065 of
879 3007 986 3066 words.
1039 3009 1070 3066 It
1094 3011 1120 3068 is
1146 3011 1218 3070 thus

170 3107 370 3185 imagination
388 3105 541 3182 relatively
557 3111 588 3163 to
607 3123 626 3163 a
646 3111 783 3180 concept.
827 3104 873 3163 Cf.
890 3105 1052 3164 Hamilton
1071 3125 1111 3165 on
1129 3107 1216 3176 Reid,

169 3222 198 3279 p.
211 3207 280 3262 877.
323 3203 543 3280 Prolegomena
557 3202 679 3278 Logica‚
694 3219 724 3276 p.
740 3204 786 3258 24.

207 3300 216 3348 l
237 3299 331 3374 Ipsius
344 3301 464 3358 Natura·
478 3299 589 3356 lumine.
633 3297 711 3356 This
726 3295 868 3354 so-called
888 3297 960 3370 lipht
978 3297 1013 3368 os
1026 3307 1128 3354 nature
1142 3297 1168 3354 is
1183 3298 1213 3354 in

168 3396 253 3454 truth
275 3414 334 3455 one
355 3395 390 3453 of
408 3395 459 3453 the
479 3396 552 3454 leus
573 3395 607 3454 of
624 3395 763 3472 thought,
784 3393 959 3469 commonly
977 3393 1087 3450 known
1109 3411 1141 3452 as
1163 3393 1215 3451 the

168 3489 321 3566 Principle
335 3490 371 3547 ol
381 3489 539 3548 Excluded
553 3489 680 3548 Middle.
724 3488 916 3562 (Principium
927 3487 1030 3544 cccbni
1042 3487 1130 3577 medii
1143 3488 1216 3544 inter

167 3589 223 3646 duo
237 3589 481 3662 contradictoria.)

207 3685 218 3720 ¹
241 3683 402 3741 “Additur
415 3681 505 3740 tertia
518 3682 653 3758 operatio
673 3698 740 3756 quae
761 3686 809 3738 est
827 3677 992 3745 discursus,
1008 3677 1045 3735 ab
1059 3697 1122 3736 uno
1136 3697 1214 3738 com·

167 3781 268 3855 posito
294 3778 341 3836 vel
362 3777 459 3835 diviso
482 3775 520 3834 ad
546 3775 644 3835 aliud:
677 3776 736 3833 hoc
760 3782 864 3832 tamen
889 3772 924 3830 fit
947 3790 1003 3847 per
1027 3783 1214 3850 argumenta-

166 3878 292 3935 tionem.
325 3875 383 3932 Est
394 3881 496 3931 autem
509 3871 730 3948 argumentatio
742 3870 837 3928 oratio
849 3867 1048 3946 significative
1059 3869 1214 3929 discursus

166 3971 293 4030 rationis
319 3969 357 4028 ab
381 3985 444 4026 uno
466 3967 588 4044 cognito
613 3965 651 4023 ad
676 3963 759 4023 aliud
784 3963 983 4040 incognitum,
1005 3963 1052 4021 vel
1078 3983 1096 4021 a
1117 3965 1214 4041 magis

166 4069 288 4148 cognito
310 4065 349 4125 ad
374 4066 477 4124 minus
503 4064 668 4140 cognitum.
710 4061 790 4119 Sunt
815 4067 916 4118 autem
942 4061 1214 4136 argumentationis

164 4175 294 4242 quatuor
309 4163 436 4239 species,
452 4161 569 4218 scilicet
583 4159 787 4236 syllogismus,
803 4157 1006 4232 enthymema,
1022 4154 1167 4223 inductio,
1184 4163 1215 4214 et

165 4259 368 4338 exemplum!⁸
410 4259 555 4333 Aquinas,
578 4257 690 4332 Opusc.
712 4254 802 4312 xlviii.
824 4253 924 4310 Tract.
946 4251 983 4310 de
1005 4250 1078 4326 Syll.
1099 4268 1164 4326 cap.
1187 4255 1212 4308 l.
1249 4247 1253 4252 ’
