3142 4976
607 479 802 530 arrsuurx.
1160 455 1230 530 149

235 649 444 726 insolubilis
471 654 681 752 exemplum
708 653 758 729 sic
784 655 1013 752 proponitur.
1075 654 1232 752 incipiat

181 755 354 849 Socrates
380 776 430 850 sic
457 777 571 874 loqui,
595 779 762 852 Socrates
787 778 872 852 dicit
886 779 1046 874 saltum
1077 787 1115 851 et
1140 778 1231 852 nihil

183 898 339 996 amplius
368 900 565 997 loquatur:
601 913 680 976 turn
707 903 909 1000 interroget
936 903 1078 1000 aliquis
1105 912 1229 976 utrum

183 1045 270 1096 vera
287 1049 333 1096 an
351 1023 442 1098 falsa
465 1025 512 1099 sit
535 1025 615 1099 haec
642 1027 855 1124 propositio.
908 1026 1145 1124 Responde0,
1161 1051 1230 1099 nec

183 1169 305 1218 veram
332 1171 401 1220 nec
431 1147 559 1224 falsam
586 1173 678 1236 esse,
703 1149 766 1222 sed
798 1149 889 1222 nihil
919 1149 1137 1244 significare,
1163 1150 1233 1223 nisi

181 1269 320 1365 aliquid
337 1269 435 1345 aliud
453 1273 635 1369 respiciat,
653 1272 754 1370 quod
771 1298 794 1345 a
811 1272 962 1346 Socrate
981 1284 1067 1345 ante
1090 1273 1231 1345 dictum

182 1394 412 1491 supponitur.
464 1397 537 1477 Qui
555 1397 653 1471 enirn
671 1396 811 1494 profert
828 1395 910 1469 haec
929 1395 1052 1482 verba,
1065 1396 1232 1469 Socrates

181 1520 268 1593 dicit
281 1521 433 1616 sabam,
449 1521 521 1595 fert
540 1523 719 1621 judicium
744 1523 791 1596 de
815 1523 916 1597 dicto
940 1522 1124 1608 Socratis3
1152 1523 1233 1620 qui·

183 1667 256 1740 que
280 1643 351 1716 fert
372 1644 565 1741 judicium,
583 1645 788 1720 necessario
815 1645 1068 1744 praesupponit
1094 1645 1231 1743 aliquid

183 1767 323 1865 dequo
338 1768 503 1865 judicet:
530 1770 640 1844 Unde
657 1795 741 1844 cum
761 1771 943 1844 sententia
968 1787 1232 1868 praesupponat

184 1890 372 1988 objectum
398 1917 519 1981 suum,
537 1892 676 1966 clarum
704 1900 760 1967 est
785 1893 941 1968 eandem
966 1917 1123 1966 numero
1148 1918 1233 1992 pro-

184 2016 417 2113 positionem,
444 2027 480 2091 et
511 2018 731 2092 sententiam
763 2027 800 2090 et
832 2017 909 2115 ejus
935 2018 1122 2115 objectum
1153 2043 1231 2092 esse

186 2164 262 2214 non
279 2165 397 2239 posse.
437 2143 561 2223 Quare
579 2151 617 2217 et
636 2141 852 2216 Scholarum
868 2143 1050 2216 subtilitas
1068 2141 1127 2216 hic
1142 2142 1232 2215 nihil

184 2265 353 2362 proiicit;
381 2266 545 2363 nihilque
563 2291 656 2366 opus
673 2276 730 2340 est
746 2266 852 2364 plura
872 2267 993 2340 dicere
1017 2265 1064 2339 de
1090 2266 1233 2340 Insolu·
1257 2283 1260 2288 '

183 2389 324 2464 bilibus.

237 2517 272 2590 5.
290 2519 319 2590 F
321 2541 457 2593 sanans
468 2505 773 2607 brannebach,
784 2517 840 2591 vel
852 2526 894 2589 ut
904 2516 964 2590 alii
976 2504 1232 2610 Atahshndrbs,

184 2639 230 2712 de
248 2639 271 2712 J
274 2649 467 2714 uramenta
485 2641 578 2715 ludit
596 2643 690 2715 sicut
702 2641 882 2714 Mantiane
895 2639 941 2713 de
959 2639 1058 2712 nuda
1076 2641 1235 2714 affirma·

184 2763 297 2836 tione.
351 2765 393 2837 E.
411 2789 445 2860 g.
468 2765 539 2849 Qui
552 2767 659 2863 jurat
685 2790 722 2839 se
734 2764 875 2861 salsam
890 2767 1022 2862 jurare
1047 2777 1080 2837 et
1094 2763 1234 2859 schum

171 2889 294 2982 jurat,
324 2913 403 2962 nere
424 2891 543 2986 jurat.
596 2890 721 2970 Quare
752 2888 882 2963 eodem
912 2886 987 2961 iere
1016 2887 1127 2962 modo
1158 2911 1234 2984 quo

183 3011 364 3086 Mantiane
380 3013 595 3110 explicatur.

235 3261 268 3356 §.
287 3260 321 3337 7.
341 3261 376 3334 6.
397 3259 431 3336 7.
457 3261 691 3348 Oevatarns,
707 3259 778 3333 alio
796 3259 945 3332 nomine
970 3261 1159 3346 Eracrnr,
1176 3267 1318 3350 estsopn.

183 3387 347 3460 Fallacia
371 3413 394 3460 α
416 3388 509 3461 dicto
534 3389 719 3462 secandum
746 3386 844 3471 Quid
866 3383 916 3456 ad
939 3384 1068 3456 dictam
1087 3350 1347 3480 hinnali-dimi01¹

182 3512 280 3586 citer.
333 3511 430 3584 Nam
461 3511 632 3608 colligere
663 3509 861 3608 pertendit,
886 3506 988 3605 quod
1014 3515 1052 3580 et
1083 3507 1232 3579 Patrem

222 3798 235 3832 '¹
257 3797 325 3856 The
335 3799 549 3858 amnem-is
560 3797 706 3874 probably
716 3815 734 3854 a
744 3795 860 3854 similer
871 3793 992 3869 Fallacy
1001 3801 1033 3851 to
1045 3790 1097 3849 the
1109 3790 1232 3850 Electra

182 3891 245 3952 end
266 3893 319 3950 the
341 3892 515 3952 Obveiatus.
557 3893 624 3950 The
643 3893 764 3949 honour
783 3889 817 3948 oi
834 3890 873 3947 its
892 3887 1048 3946 invention
1067 3885 1094 3943 is
1109 3883 1231 3942 divided

183 3987 320 4046 between
349 3987 519 4047 Eubulidas
547 3988 607 4046 and
633 3987 788 4046 Diodorus
816 3985 945 4043 Gronus.
997 3983 1064 4043 The
1093 3979 1231 4054 example

182 4085 272 4162 given
288 4083 327 4160 by
342 4085 466 4145 Aidrich
481 4087 507 4144 is
527 4103 545 4144 a
563 4103 646 4142 mere
666 4083 838 4160 conjecture
857 4081 891 4138 oi
910 4078 1096 4139 Gassendi's.
1139 4077 1233 4134 Fora

180 4181 355 4241 discussion
382 4181 417 4241 oi
440 4183 503 4241 this
528 4183 589 4242 and
618 4183 669 4240 the
694 4179 848 4255 following
877 4177 1020 4242 iaiiacies,
1046 4191 1097 4232 sea
1123 4171 1233 4248 Hegei,

182 4277 285 4334 anat.
299 4277 349 4334 der
362 4277 472 4335 Philae.
492 4278 595 4341 Werlsa.
610 4277 667 4333 xiv.
682 4293 710 4350 p.
730 4275 794 4332 119.
1066 4279 1075 4290 “
