3128 4976
343 405 391 478 66
746 429 851 481 naris
870 431 1007 482 houlcAE

343 604 553 700 Aryumenti
578 605 751 680 maenio:
784 616 840 694 ut,
866 607 985 682 Homo
1013 619 1064 681 est
1092 605 1233 680 animal.
1288 605 1387 700 Ergo

344 742 395 805 cst
413 729 538 805 uicena.
1554 796 1555 814 ,

341 895 347 904 ·
396 854 430 927 2.
455 853 658 939 Formolis3
702 855 851 951 quando
886 855 1041 930 infertur
1078 866 1228 954 propter
1269 856 1388 952 ipsum
1553 877 1555 984 y

346 977 540 1076 colligendi
582 978 747 1065 modum,
784 1003 869 1076 quae
911 987 968 1052 est
1009 979 1209 1078 argumenti
1238 977 1390 1075 sonim

346 1112 402 1190 ut,
420 1103 458 1176 B
479 1113 530 1176 cst
553 1103 601 1175 A.
657 1103 761 1176 Uest
784 1103 833 1184 B.
885 1103 986 1198 Ergo
1012 1104 1048 1177 C
1066 1114 1117 1176 cst
1134 1104 1182 1176 Α.
1235 1102 1391 1176 Mutatis

346 1227 511 1300 terminis
536 1235 574 1300 et
597 1236 739 1302 servata
762 1248 889 1300 eorum
919 1225 1167 1325 dispositione,
1191 1223 1392 1299 Materialis

347 1349 565 1448 plerumque
607 1349 711 1435 fallit,
746 1347 923 1422 Formelis
961 1372 1104 1446 semper
1146 1349 1310 1424 obtinet:
1352 1355 1393 1421 et

348 1473 501 1572 proinde
525 1473 606 1546 haec
630 1474 750 1548 solum
773 1472 810 1546 in
837 1473 974 1570 Logica
996 1480 1196 1570 spectetur,
1218 1472 1292 1558 ills,
1312 1481 1392 1544 tan-

348 1622 460 1696 quam
477 1596 661 1670 mutabilis
678 1605 716 1670 ct
732 1595 883 1684 lubrica,
901 1594 1108 1694 negligitur.

189 1739 317 1852 pulcher.
400 1721 513 1794 Hisce
531 1719 739 1805 intellectis,
753 1721 885 1816 opinor
902 1720 991 1794 satis
1003 1729 1171 1796 constare
1189 1743 1264 1817 quo
1281 1741 1393 1794 seusu

191 1843 543 1930 rop.1.1.o.deliniatur
566 1842 802 1942 syllogismos
813 1871 828 1927 ,·
852 1839 1004 1917 dOratio
1027 1844 1064 1918 ia
1086 1867 1156 1941 quo
1172 1841 1299 1941 positis
1315 1841 1394 1939 pui-

347 2088 378 2142 in
392 2086 450 2143 ond
464 2087 498 2161 ty
512 2085 563 2143 the
578 2093 627 2143 act
640 2083 731 2144 itsell.
774 2086 840 2146 The
855 2085 968 2144 former
982 2087 1007 2144 is
1022 2085 1183 2161 expressed
1198 2086 1231 2144 in
1245 2085 1296 2144 the
1311 2095 1395 2144 terma

347 2179 382 2238 ol
392 2181 490 2238 which
505 2181 557 2238 the
572 2181 736 2258 reasoning
753 2182 778 2238 is
798 2181 973 2257 composed,
988 2181 1049 2240 and
1063 2182 1160 2240 which
1174 2199 1244 2258 vary
1258 2182 1290 2240 iu
1306 2199 1395 2258 every

348 2275 491 2336 different
504 2285 552 2336 act
566 2276 600 2336 ol
617 2278 763 2354 thought;
786 2279 838 2336 tha
856 2279 946 2338 latter
964 2297 1090 2355 appears
1105 2280 1136 2337 in
1156 2278 1208 2337 the
1227 2279 1346 2336 relation
1360 2277 1393 2336 in

349 2374 448 2434 which
459 2375 547 2434 those
561 2381 655 2434 terme
670 2392 721 2434 are
735 2376 867 2453 thought
880 2385 912 2435 tn
926 2395 985 2435 one
999 2377 1135 2445 another,
1147 2395 1180 2436 as
1195 2376 1396 2452 constituting

344 2471 475 2544 manthos
490 2469 587 2530 which
601 2472 782 2530 necessitate
799 2490 816 2530 a
834 2474 1002 2532 conclusion.
1045 2473 1122 2532 This
1141 2474 1274 2532 remains
1289 2472 1394 2531 within

350 2567 464 2625 certain
485 2565 565 2625 fixsd
585 2568 681 2626 limits
703 2569 735 2625 in
758 2587 845 2645 every
862 2567 1003 2628 different
1024 2578 1073 2627 act
1095 2568 1129 2628 ol
1147 2570 1284 2647 thought.
1327 2569 1396 2626 The

350 2681 434 2721 same
462 2663 611 2739 principle
639 2663 673 2722 ol
698 2663 876 2724 distinction
904 2683 972 2742 may
1000 2665 1038 2724 be
1066 2665 1187 2741 applied
1215 2673 1246 2723 to
1274 2666 1395 2724 discern

350 2759 486 2818 between
508 2761 560 2818 the
581 2767 692 2819 matter
713 2761 774 2819 aud
798 2761 875 2820 lorm
902 2761 937 2820 ol
956 2761 1100 2838 conc'apts
1125 2762 1186 2820 and
1205 2761 1394 2839 judgments.

351 2853 419 2912 'I'ha
434 2855 543 2930 logical
558 2855 652 2915 forms
666 2857 701 2915 of
716 2857 769 2916 the
783 2859 940 2936 syllogism
955 2878 1005 2918 are
1020 2859 1173 2918 exhibited
1193 2860 1225 2916 in
1238 2860 1319 2916 meod
1334 2856 1395 2916 aud

344 2953 449 3024 figura,
471 2968 504 3008 as
530 2951 618 3010 those
639 2953 674 3011 ol
694 2954 746 3011 the
771 2955 960 3030 proposition
984 2957 1017 3014 in
1042 2957 1150 3032 quality
1173 2954 1235 3014 aud
1258 2956 1394 3030 quantity.

354 3044 400 3104 Ol.
415 3045 636 3124 Burgersdyck.
650 3049 722 3107 Inar.
737 3052 808 3126 Lep.
823 3052 843 3108 1.
859 3052 890 3108 ii.
905 3069 929 3110 c.
946 3055 972 3110 6.
1016 3054 1155 3110 “Forma
1169 3050 1336 3128 syllogismi
1350 3055 1398 3108 est

353 3147 424 3216 apta
458 3141 549 3199 trium
578 3146 819 3220 propositionum
849 3148 1008 3224 dispositio
1041 3149 1079 3207 ad
1107 3149 1333 3207 conclusionem
1361 3165 1398 3204 ex

353 3237 521 3312 praemissis
535 3241 707 3299 necessario
726 3243 941 3320 colligendum.
983 3245 1060 3303 Hac
1079 3245 1217 3320 aptitudo
1235 3244 1335 3320 posits
1350 3249 1398 3302 est

354 3332 498 3410 infigura
516 3341 545 3392 et
565 3335 684 3395 modo.”
723 3340 749 3396 A
770 3340 948 3400 distinction
969 3341 1091 3418 slightly
1106 3342 1230 3418 varying
1248 3340 1325 3398 from
1345 3339 1398 3398 the

355 3429 448 3490 above
463 3429 523 3488 will
537 3430 575 3489 bc
594 3431 690 3492 round
704 3435 736 3492 in
757 3435 995 3514 Grukanthorpe,
1010 3440 1127 3512 Loyico,
1142 3439 1162 3495 1.
1177 3439 1219 3495 iii.
1234 3455 1258 3495 c.
1279 3439 1322 3496 13.
1337 3435 1398 3494 and

355 3525 483 3584 another
496 3526 529 3583 in
543 3526 635 3596 Kant,
649 3531 750 3606 Inpia,
766 3536 793 3612 ς.
809 3535 857 3592 59.
901 3534 968 3592 The
983 3533 1141 3594 lutterhus
1154 3534 1233 3594 bean
1250 3531 1398 3594 oansursd

354 3619 394 3694 by
408 3617 503 3695 Krug,
518 3620 618 3695 Lopit,
634 3625 662 3701 ξ.
678 3627 727 3682 72.

394 3713 407 3748 ‘¹
427 3712 517 3771 Arist.
528 3714 616 3773 Anul-
629 3717 676 3774 Pr.
688 3719 707 3777 i.
724 3725 747 3776 l.
760 3723 788 3778 6.
809 3729 990 3800 zelamur
1003 3727 1034 3782 δέ
1044 3729 1103 3784 ἐστι
1115 3731 1195 3801 λόγος
1207 3723 1265 3801 doql
1277 3725 1400 3782 notras

354 3815 429 3864 τινῶν
438 3810 525 3882 ἕτερόν
537 3833 563 3866 τι
575 3817 626 3869 τῶν
639 3816 758 3888 respires
770 3820 800 3888 ἐξ
812 3821 922 3894 ἀνάγκης
934 3823 1071 3894 συμβαίνει
1083 3826 1121 3899 τῷ
1131 3826 1212 3878 ταῦτα
1226 3818 1298 3878 εἶναι.
1340 3817 1398 3876 See

356 3901 421 3958 also
447 3901 524 3976 Top.
550 3903 569 3960 i.
598 3911 625 3963 1.
647 3909 676 3964 2.
721 3909 789 3968 The
812 3912 903 3972 latter
927 3913 1086 3974 definition
1112 3917 1139 3974 is
1167 3913 1333 3973 translated
1360 3913 1400 3988 by

355 3993 452 4053 Aulus
469 3995 598 4066 Gellius,
613 4019 658 4060 xv.
674 4005 722 4062 26.
765 4005 900 4065 “Oratio
914 4009 946 4066 in
961 4011 1028 4084 quii,
1044 4009 1202 4068 consensis
1217 4006 1399 4084 quibusdam

356 4097 388 4148 et
411 4093 572 4161 concessis,
595 4095 677 4155 aliud
699 4098 780 4174 quid,
803 4121 893 4178 quam
919 4122 987 4180 quae
1013 4122 1157 4164 concessu
1178 4112 1258 4172 sunt,
1281 4121 1335 4179 per
1356 4120 1400 4170 ⁶⁸»

356 4203 423 4262 qua
439 4205 583 4248 concessa
597 4203 678 4260 sunt,
690 4197 861 4254 necessario
876 4197 1061 4258 conficitur.”
1101 4200 1167 4258 The
1179 4197 1260 4258 word
1271 4199 1401 4258 masaa
