3128 4976
578 483 808 535 auninnura.
1168 463 1215 542 57

80 667 83 674 '
167 655 276 730 simul
293 655 407 744 susae,
425 665 463 731 et
487 681 562 731 una
583 683 679 746 vera,
697 658 788 733 falsa
811 659 925 734 altera
948 683 1029 735 esse
1050 671 1216 760 possunt.

169 781 266 853 Nam
301 781 337 853 in
373 781 601 869 Necessaria,
632 782 738 856 simul
776 809 873 858 verae
903 795 990 858 sunt
1019 787 1062 858 A.
1098 787 1138 871 1;
1180 787 1216 860 in

170 905 405 1003 Impossibili,
430 906 537 980 simul
568 931 665 980 verae
695 907 739 981 E.
770 909 826 994 O;
866 910 903 982 in
939 909 1080 997 eadem,
1110 910 1218 984 simul

170 1026 283 1115 falsae,
308 1030 353 1101 A.
382 1029 412 1102 1.
438 1039 477 1102 et
506 1030 542 1103 in
570 1031 797 1120 Necessaria,
823 1033 931 1112 simul
958 1032 1061 1107 saisae
1089 1035 1132 1108 E.
1160 1037 1215 1120 O;

168 1151 207 1224 in
234 1151 485 1250 contingenti,
509 1152 679 1251 (propter
704 1155 749 1228 A.
768 1155 814 1228 E.
838 1153 959 1242 falsas,
984 1156 1014 1230 1.
1033 1158 1077 1231 Ο.
1097 1159 1216 1252 veras)

169 1276 215 1347 A.
235 1275 265 1348 I.
283 1275 341 1348 vel
358 1277 402 1349 E.
422 1276 466 1349 Ο.
485 1255 663 1349 suntuna
681 1301 781 1364 vera,
797 1277 889 1350 salsa
905 1278 1029 1352 altera.
1102 1293 1103 1298 ’

221 1399 380 1472 Possunt
407 1399 517 1473 etiam
544 1399 649 1474 aliter
679 1401 716 1474 hi
747 1401 918 1474 Canones
944 1401 1217 1498 Oppositarum,

169 1545 253 1594 cum
272 1520 435 1619 pluribus
453 1523 543 1610 aliis,
562 1532 641 1597 tum
660 1524 732 1597 hoo
756 1547 904 1621 quoque
929 1523 1041 1597 modo
1065 1523 1217 1598 demon-

171 1645 288 1716 strari.

222 1767 253 1838 l.
282 1767 589 1844 contradictoria
608 1772 654 1843 Α.
671 1747 718 1843 O.
738 1769 792 1842 vel
811 1771 855 1843 E.
872 1771 902 1844 I.
920 1793 989 1843 nec
1006 1771 1113 1844 umal
1126 1797 1218 1846 oeroe

171 1913 239 1962 nec
269 1890 376 1963 umal
393 1891 508 1986 solsoe
537 1916 615 1964 esse
650 1902 816 1989 possunt.
868 1893 982 1973 Quod
1011 1895 1108 1968 enim
1143 1919 1224 1972 una.

170 2022 292 2110 negat,
326 2015 423 2089 idern
460 2016 576 2090 altera
610 2016 656 2089 de
691 2015 835 2103 eodem,
868 2017 1070 2090 secundum
1105 2019 1216 2107 idem,

170 2137 350 2211 affirmat:
384 2138 430 2212 Id
462 2164 549 2214 vero
584 2140 663 2213 fieri
697 2164 766 2213 nec
800 2150 933 2214 natura
965 2140 1116 2237 patitur,
1147 2166 1216 2216 nec

171 2283 299 2334 sensus
315 2261 394 2358 ipse
412 2262 629 2335 communis.
682 2263 820 2350 Quare,

221 2410 255 2456 a.
281 2385 319 2458 Si
343 2385 566 2460 Universalis
589 2411 676 2460 vera
700 2387 758 2473 sit,
776 2386 1022 2472 Particularis,
1040 2410 1125 2484 quae
1148 2388 1215 2461 sub

170 2531 214 2580 ea
232 2509 454 2597 continetur,
472 2534 558 2583 vera
575 2519 640 2585 est.
693 2512 744 2584 Et

220 2632 259 2719 β.
286 2632 324 2706 Si
342 2634 574 2709 Particularis
591 2634 682 2709 falsa
701 2635 760 2721 sit,
777 2631 1012 2720 Universalis,
1030 2659 1116 2731 quae
1133 2659 1215 2709 earn

170 2757 347 2844 continet,
372 2757 463 2832 falsa
490 2770 568 2832 est:
596 2759 782 2839 Quoniam
809 2759 906 2832 enim
935 2757 1151 2855 Subjectum
1177 2759 1214 2832 in

169 2881 374 2956 Universali
388 2882 626 2970 distribuitur,
641 2883 696 2969 fit,
710 2884 802 2956 utin
817 2908 873 2971 ea,
886 2891 924 2956 et
937 2883 973 2956 in
989 2883 1215 2972 Particulari,

169 3005 281 3093 idem,
306 3005 352 3079 de
383 3006 526 3094 eodem,
556 3007 760 3081 secundum
790 3006 900 3094 idem,
930 3005 1093 3080 dicatur:
1129 3031 1215 3080 vere

166 3131 279 3227 igitur
295 3141 334 3203 et
351 3129 441 3202 salso
454 3129 562 3205 simul
580 3131 663 3218 dici,
677 3131 766 3228 (hoc
786 3138 853 3217 est,
866 3131 1038 3204 affirmari
1055 3130 1215 3204 simulet

170 3253 312 3350 negari)
332 3253 470 3348 nequit.

220 3376 254 3449 2.
274 3376 478 3450 Contrariae
495 3377 540 3451 A.
555 3377 598 3450 E.
616 3401 691 3450 non
710 3383 866 3474 possunt
884 3397 963 3447 esse
981 3376 1088 3448 simul
1100 3399 1216 3449 ooae:

169 3501 234 3574 sed
250 3502 286 3575 in
305 3501 460 3575 materia
476 3501 706 3596 contingenti
724 3509 810 3572 sunt
826 3497 932 3570 simul
941 3497 1066 3593 sotere.
1117 3496 1215 3586 Nam

174 3622 216 3697 1⁰.
237 3625 457 3722 Exponatur
479 3622 703 3696 Universalis
728 3646 835 3706 vera3
863 3621 964 3715 Ergo
987 3620 1217 3718 particularis

166 3773 252 3823 vera
276 3774 342 3848 per
372 3750 403 3823 l.
431 3773 476 3834 o;
513 3749 614 3844 Ergo
644 3770 729 3843 quae
758 3744 968 3844 particulari
995 3746 1217 3821 contradicit

168 3871 259 3947 falsa
275 3897 342 3971 per
362 3875 395 3946 l.
447 3872 520 3946 Sed
537 3871 619 3945 haeo
637 3881 693 3946 est
710 3869 902 3967 Expositae
920 3868 1134 3944 contraria¹.

208 4094 219 4116 ¹
239 4083 589 4158 Erpomtur-acporito.
630 4081 779 4140 Aldrich's
794 4099 849 4140 use
863 4080 898 4139 os
913 4080 999 4139 thece
1015 4087 1109 4137 terma
1123 4079 1156 4136 in
1176 4097 1217 4136 ro-

168 4179 263 4238 lation
286 4186 317 4237 to
339 4176 598 4254 oppositionand
624 4177 802 4235 conversion
827 4176 883 4234 has
905 4174 983 4232 been
1005 4171 1154 4232 censured
1179 4171 1218 4249 by

168 4275 218 4334 Sir
232 4276 279 4336 W.
295 4275 469 4344 Hamilton,
483 4275 613 4333 Lectum
632 4293 669 4331 on
687 4272 784 4347 Lepte,
805 4271 863 4330 rol.
882 4270 906 4328 1.
922 4287 950 4346 p.
972 4270 1041 4328 263.
1084 4267 1218 4344 Perhaps
