3142 4976
350 425 420 497 140
774 445 968 496 arrenmx.

347 647 513 698 bonomo
542 646 609 719 pro
634 645 743 704 aero;
782 621 856 692 sive
882 643 904 692 a
929 619 1079 693 non-toli
1106 641 1174 716 pro
1205 617 1316 691 talia·
1355 627 1398 690 ut

351 749 496 821 Cometa
509 745 621 842 subit
631 773 646 828 ,·
690 745 789 840 Ergo
816 744 959 816 Bellum
985 744 1053 816 erit
1064 770 1079 825 ,·
1118 741 1232 813 Nullo
1258 741 1395 824 modo;

348 897 431 944 nam
456 872 485 943 si
510 871 630 956 fuerit,
654 870 731 942 aliis
755 869 801 942 de
826 869 955 942 Causis
981 868 1145 940 biturum
1171 875 1238 940 est.
1293 865 1400 950 Quod

348 997 497 1069 inebriat
515 995 766 1092 prohibendum
784 1007 861 1078 est,·
894 993 1021 1066 Vinum
1039 992 1215 1077 imbriam
1247 991 1399 1086 Nequa-

349 1143 461 1217 quam
485 1141 585 1204 vero,
607 1115 671 1189 sed
695 1116 841 1189 Abusus
865 1115 948 1188 vini.
1002 1114 1097 1186 Haec
1122 1112 1280 1186 Fallacia
1301 1113 1398 1185 bene

348 1243 502 1342 solvitur
532 1239 701 1336 negando
733 1239 891 1312 Causam
921 1237 1075 1313 salsam:
1116 1235 1259 1323 melius,
1284 1235 1401 1309 addu-

350 1364 469 1438 cendo
487 1385 711 1458 germanam.

402 1496 425 1528 ‘¹
441 1487 526 1558 Huc
550 1484 706 1557 refertur
730 1483 776 1554 ab
800 1482 982 1579 aliquibus
1001 1482 1092 1577 (qua
1115 1481 1161 1554 de
1185 1505 1295 1554 causa
1323 1505 1396 1553 non

350 1621 373 1650 ‘⁸
389 1610 512 1702 video)
543 1609 616 1680 hoc
648 1606 869 1704 Sophisma;
918 1607 989 1691 Qua·
1022 1606 1138 1704 magis
1171 1608 1292 1692 esurit,
1317 1607 1401 1703 plus

350 1742 374 1772 “
387 1731 534 1804 comedit
545 1757 560 1813 ‚·
589 1729 660 1814 Qut
683 1730 794 1802 minus
819 1729 978 1812 comedit,
996 1729 1111 1826 magis
1134 1731 1243 1802 esurit
1254 1757 1268 1812 ,·
1300 1731 1399 1825 Ergo

351 1864 375 1894 “
389 1853 459 1939 Qui
484 1853 595 1924 minus
619 1852 778 1937 comedit,
803 1853 885 1947 plus
910 1852 1065 1924 comedit.
1128 1853 1201 1924 Sed
1227 1853 1289 1949 qui
1316 1851 1401 1939 boc,

352 1979 446 2050 “vel
477 1977 587 2074 huyus
622 1977 737 2050 simile
771 1977 934 2049 attulerit
965 1980 1023 2070 (ut
1058 1976 1251 2050 innumera
1279 1977 1401 2050 afferri

352 2110 375 2141 “
390 2100 527 2196 solent)
563 2099 753 2173 docendus
789 2109 844 2171 est
878 2123 1041 2194 congrue
1075 2098 1202 2195 loquis
1252 2099 1337 2173 Hoc
1372 2101 1402 2171 si

352 2233 376 2264 “
391 2223 529 2308 fecerit,
552 2223 650 2295 dicet
672 2223 708 2294 in
733 2221 805 2293 hoc
831 2245 931 2308 casu,
955 2222 1026 2306 Qui
1048 2222 1162 2320 magis
1185 2222 1294 2294 esurit
1319 2222 1402 2318 plus

354 2356 377 2388 “
390 2348 542 2420 comedet
553 2375 566 2430 ;
597 2346 668 2430 Qui
689 2345 800 2418 minus
823 2345 982 2430 comedit,
1000 2346 1115 2442 magis
1135 2347 1270 2430 κυνέη
1303 2347 1402 2440 Ergo

355 2479 378 2510 “
393 2470 464 2554 Qua·
480 2469 592 2542 minna
608 2468 768 2554 comedia,
785 2467 868 2564 plus
885 2469 1069 2541 consedet?

165 2687 170 2714 Ι
198 2609 299 2722 {Q
407 2589 442 2662 5.
470 2589 629 2663 Fallacia
649 2589 929 2685 consequentiae
953 2589 1103 2685 quando
1126 2590 1281 2662 infertur
1302 2589 1402 2686 quod

198 2737 303 2785 b.8.28.
315 2736 336 2782 1.

357 2881 453 2940 warda
474 2882 606 2940 selected
626 2899 659 2939 as
679 2883 731 2941 the
751 2881 826 2941 false
843 2883 1043 2958 assumption.
1085 2882 1234 2940 Aldricb's
1249 2883 1403 2958 exemplos

357 2977 436 3035 refer
449 2979 551 3035 rather
572 2985 601 3035 to
622 2978 673 3035 the
693 2979 854 3036 rhetorical
876 2979 949 3034 than
970 2987 1000 3036 to
1021 2979 1073 3036 the
1093 2978 1261 3036 dialectioal
1282 2977 1360 3036 form
1375 2978 1409 3036 ol

357 3073 419 3130 this
439 3071 556 3148 sallacy.
598 3073 636 3128 In
657 3073 717 3130 this
739 3073 791 3130 the
811 3073 939 3147 speaker
959 3073 984 3130 is
1005 3074 1101 3150 guilty
1116 3074 1230 3150 merely
1244 3074 1279 3132 os
1294 3093 1313 3132 a
1331 3073 1404 3132 salsa

357 3168 517 3233 assertion,
533 3167 713 3245 attributing
732 3188 750 3226 a
768 3169 882 3226 certain
904 3168 993 3227 effect
1007 3178 1037 3227 to
1052 3189 1070 3227 a
1084 3187 1187 3246 wrong
1205 3187 1305 3228 cause.
1348 3170 1406 3228 Sea

359 3263 449 3322 Rhet.
464 3265 494 3321 ii.
511 3267 558 3322 24.
574 3267 601 3322 8.

399 3371 411 3395 ·
432 3361 469 3418 In
491 3361 543 3419 the
561 3381 619 3418 non
632 3381 698 3420 aare
709 3380 763 3435 pro
777 3379 850 3426 aaa,
867 3361 952 3418 there
972 3363 998 3419 is
1019 3380 1059 3418 no
1079 3363 1250 3419 connexion
1271 3362 1406 3419 between

360 3458 412 3515 the
432 3455 520 3515 effect
540 3456 600 3514 and
623 3457 674 3514 the
696 3455 850 3530 supposed
872 3474 978 3523 cause;
1002 3457 1032 3513 ln
1054 3457 1105 3514 the
1125 3477 1183 3514 non
1202 3459 1256 3514 tali
1271 3477 1326 3531 pro
1346 3459 1407 3524 tali,

360 3553 446 3608 there
460 3552 487 3608 is
501 3570 519 3608 a
534 3551 713 3612 connexion.
729 3549 785 3606 but
798 3567 836 3606 an
852 3549 1038 3607 insufficient
1051 3568 1126 3615 ono;
1150 3551 1236 3616 wine,
1252 3569 1277 3607 e.
1291 3568 1318 3626 g.
1335 3551 1407 3608 does

360 3652 416 3701 not
440 3645 601 3702 intoxicata
626 3651 733 3718 except
757 3645 788 3700 in
814 3644 927 3701 certain
954 3644 1101 3719 quantity.
1155 3644 1231 3701 This
1260 3645 1407 3710 instance,

361 3741 506 3805 however,
520 3757 603 3796 more
617 3739 757 3814 properly
770 3739 897 3816 belongs
913 3747 943 3796 to
958 3739 1010 3796 the
1025 3739 1131 3814 lallacy
1143 3759 1161 3795 α
1175 3741 1249 3796 dicto
1260 3742 1409 3798 secundum

360 3836 428 3909 quid
449 3837 487 3890 od
511 3836 617 3891 dictum
637 3835 807 3908 sirnpliciter.
862 3835 981 3893 “Wine
1004 3837 1050 3904 (in
1072 3839 1189 3906 excess)
1211 3836 1408 3900 intoxicates;

362 3929 521 3995 therefore,
538 3930 628 3986 Wine
643 3930 841 4006 (absolutely)
856 3933 883 3988 is
898 3939 929 3988 to
945 3932 982 3990 be
997 3913 1184 3989 forbidden.”

402 4036 416 4064 ⁰
436 4025 503 4082 'l'he
515 4027 642 4098 fallacia
656 4030 842 4100 consequente
857 4029 882 4084 is
897 4047 935 4084 an
951 4046 1034 4085 error
1053 4028 1083 4084 in
1105 4029 1277 4104 reasoning,
1294 4045 1327 4086 as
1342 4045 1408 4102 may

363 4120 400 4176 be
415 4118 524 4194 clearly
539 4136 611 4175 seen
629 4119 659 4175 in
676 4119 726 4176 the
742 4121 896 4194 exemplos
911 4123 998 4197 given
1015 4121 1109 4196 Soph.
1125 4121 1254 4179 Elencb.
1267 4127 1294 4180 b.
1306 4125 1334 4178 8.
1349 4120 1407 4178 and

363 4213 451 4272 Rhet.
468 4216 498 4272 ii.
514 4219 560 4272 24.
577 4218 605 4270 7.
627 4233 652 4272 e.
668 4233 695 4290 g.
719 4216 829 4290 Honey
845 4217 870 4272 is
890 4217 1013 4292 yellow;
1037 4217 1107 4274 Gall
1126 4217 1151 4275 is
1167 4218 1290 4294 yellow;
1315 4217 1408 4274 there
