3128 4976
334 457 403 531 100
722 477 828 526 sarrs
847 475 986 528 uoorcm

330 654 552 740 salsissimus,
575 677 658 727 cum
687 653 822 727 habeat
850 653 1014 749 quinque
1037 651 1223 725 terminos.
1277 649 1374 724 Nam

331 803 378 852 ex
412 776 649 852 conclusione
682 786 786 875 patet
818 776 919 875 quod
957 775 1075 872 major
1108 776 1286 848 terminus
1320 783 1377 848 est

320 903 424 998 jubet
437 901 653 975 Ludovr'cam
666 901 772 974 XIV
779 902 957 988 honorari,
968 910 1005 973 et
1016 901 1137 973 minor
1149 899 1230 974 Lea
1239 900 1378 974 divino:

334 1049 420 1122 ergo
457 1025 575 1098 minor
615 1023 821 1122 Propositio
857 1023 936 1097 Lex
971 1024 1089 1098 divina
1118 1023 1222 1120 jubet
1261 1023 1380 1122 Reges

334 1150 525 1223 honorari:
551 1173 639 1245 ergo
659 1147 805 1221 Medius
822 1148 999 1222 terminus
1016 1147 1120 1244 juder
1137 1147 1256 1246 Reges
1272 1148 1386 1220 douo-⁴

333 1274 435 1349 rori:
473 1296 560 1369 ergo
597 1272 718 1370 Major
753 1273 958 1370 Propositio
993 1271 1120 1345 debuit
1152 1295 1244 1358 esse,
1277 1271 1383 1356 Quod

322 1399 428 1495 jubet
446 1398 561 1496 Reges
595 1397 773 1482 honorari,
786 1397 890 1493 jubet
914 1395 1126 1469 [rudoricum
1151 1395 1256 1468 XIV
1275 1395 1382 1469 dono·

334 1523 411 1594 rori
420 1549 435 1604 ,·
478 1531 515 1592 et
549 1529 628 1593 turn
664 1519 801 1592 valeret
837 1518 1101 1616 Syllogisrnus3
1142 1543 1211 1592 nec
1246 1517 1381 1592 redun-

333 1645 463 1717 darent
494 1643 569 1718 duo
596 1643 753 1730 termini,
779 1644 842 1739 qui
871 1643 908 1715 in
938 1642 1101 1717 secunda
1130 1642 1379 1739 propositione

327 1768 404 1864 jam
422 1766 646 1841 redundant.
1315 1764 1319 1773 ’

385 1893 424 1964 Ρ.
456 1891 536 1964 166.
565 1889 824 1987 Syllogismum
849 1890 948 1965 huno
971 1891 1188 1988 improbat¹,
1205 1890 1381 1965 Debemus

334 2015 473 2088 credere
491 2013 707 2106 Scriptura:
739 2013 899 2088 Traditio
911 2039 978 2087 non
990 2026 1043 2088 ert
1061 2013 1270 2111 Scriptura:
1292 2038 1380 2110 ergo

334 2165 402 2212 non
435 2139 594 2212 &bemus
623 2139 763 2212 credere
802 2137 1002 2211 Traditiorri
1012 2166 1027 2222 ,·
1065 2137 1151 2233 quia
1184 2161 1267 2209 eum
1304 2137 1379 2210 scil.

333 2261 501 2360 imperite
530 2260 674 2335 reducit
708 2260 754 2333 ad
789 2261 956 2356 primam,
985 2284 1069 2333 curn
1103 2268 1228 2333 tamen
1263 2259 1382 2357 Syllo-

334 2385 473 2480 gismus
498 2383 724 2482 apertissime
747 2381 819 2455 hoc
837 2383 935 2456 dicat
953 2383 988 2454 in
1008 2383 1182 2468 secunda,
1201 2382 1381 2479 objectum

322 2508 419 2604 fidei
435 2507 562 2582 divinoe
586 2519 637 2582 est
663 2505 876 2603 Scriptura:
912 2507 1074 2580 Traditio
1097 2532 1165 2580 non
1188 2519 1238 2579 eet
1263 2505 1384 2603 Scrip-

337 2644 445 2716 turo;
471 2655 559 2728 ergo
583 2630 745 2704 Traditio
762 2655 830 2703 non
847 2642 898 2702 est
919 2629 1198 2727 Oljectumfidei
1215 2631 1350 2705 diaiuoe.

390 2753 531 2826 Ibidem
555 2753 723 2850 imperite
748 2763 917 2826 autumat
943 2751 1203 2850 Syllogismum
1228 2779 1385 2852 sequen·

338 2887 428 2962 tem,
457 2877 492 2949 in
525 2900 600 2974 quo
631 2899 759 2949 omnes
792 2877 1062 2973 propositiones
1092 2877 1261 2953 videntur
1291 2879 1385 2952 affir-

339 3001 497 3085 mativae,
515 3021 596 3072 esse
613 3000 650 3072 in
668 2999 855 3082 secunda;
882 3002 1017 3074 salvari
1040 3025 1141 3088 vero,
1158 3003 1244 3098 quia
1266 3003 1385 3076 minor

340 3145 450 3196 sensu
469 3120 668 3207 exclusiva,
686 3123 891 3219 negativam
911 3123 946 3196 in
966 3148 1005 3197 se
1023 3126 1223 3199 contineat.
1274 3126 1385 3207 Quod

341 3247 370 3320 si
390 3246 487 3344 ipsos
514 3243 723 3342 Syllogismi
748 3245 923 3319 terminos
947 3248 1015 3321 rite
1039 3249 1254 3344 dignoscere
1280 3263 1387 3348 potu·

340 3371 441 3456 isset,
468 3367 615 3442 vidisset
645 3393 732 3442 sane
760 3369 1020 3466 Syllogismum
1050 3397 1129 3446 esse
1159 3375 1195 3446 in
1227 3375 1386 3447 Barbara

343 3492 571 3592 transpositis
584 3493 789 3590 praemissis,
804 3518 836 3566 v.
848 3517 881 3589 g.
896 3495 1020 3567 Bonus
1033 3495 1167 3570 Pastor
1178 3510 1229 3570 eet
1238 3512 1388 3595 paratus

344 3617 496 3692 animum
518 3642 650 3714 ponere
671 3642 741 3714 pro
766 3617 908 3702 auidum·
938 3617 1053 3692 Pauci
1076 3623 1140 3694 troc
1163 3623 1290 3696 soeculo
1311 3636 1390 3697 sunt

387 3880 398 3904 ¹
418 3871 615 3947 Syllopiemom
630 3873 703 3930 liano
717 3875 863 3948 improbat.
907 3875 943 3932 In
957 3876 1017 3934 this
1029 3877 1175 3945 instance,
1188 3881 1212 3937 it
1222 3880 1249 3938 is
1261 3879 1391 3956 scarcely

345 3985 506 4042 necessary
521 3975 551 4024 to
566 3967 691 4024 observo
706 3969 772 4026 thot
786 3970 837 4027 the
855 3969 1033 4048 PortRoyel
1049 3973 1212 4050 Logicians
1232 3993 1282 4034 are
1303 3977 1391 4052 right,

347 4065 407 4124 and
437 4065 558 4122 Aldrioh
583 4065 607 4121 is
631 4083 739 4142 wrong.
792 4067 859 4124 The
887 4071 1019 4143 premise
1049 4070 1123 4128 does
1151 4079 1206 4129 not
1232 4083 1303 4129 stote
1330 4073 1394 4130 that

346 4163 465 4235 nothinp
480 4163 526 4218 but
540 4159 682 4233 Scriptura
698 4161 722 4216 is
739 4169 768 4218 to
783 4162 822 4218 be
837 4162 971 4220 believed
984 4185 990 4230 ;
1013 4165 1071 4222 and
1089 4165 1238 4224 therefore
1260 4169 1310 4224 the
1327 4185 1392 4223 eon·

348 4257 465 4314 olusion
481 4255 582 4314 drawn
597 4256 623 4312 is
639 4254 779 4331 illogical.
1293 4273 1298 4284 ·
