3128 4976
326 407 375 480 56
720 433 826 482 neris
844 432 982 484 coelom

327 630 482 703 querum
513 606 766 680 conditionum
801 607 831 680 si
863 604 1182 700 (temeritatique,
1216 609 1370 700 possunt

326 730 399 804 Est
428 740 466 803 et
494 730 580 804 Non
611 741 663 804 est
693 731 788 803 inter
817 753 856 803 se
886 728 979 803 bene
1014 727 1222 802 convenire.
1274 725 1316 798 E.
1334 747 1368 820 g.

331 854 362 926 1.
390 853 555 926 Cadaver
572 851 730 926 hominis
745 865 798 927 eet
814 860 853 927 et
869 878 937 926 non
953 851 1157 926 esthemo:
1185 850 1255 922 Est
1273 849 1369 921 enim

328 977 441 1050 homo
458 985 648 1062 mortuus;
675 977 762 1050 Non
784 989 836 1052 est
859 977 972 1050 homo
996 977 1109 1050 vivus.
1161 976 1195 1047 2.
1223 970 1369 1046 Zoilus'

328 1108 442 1172 estet
466 1125 537 1173 non
560 1113 612 1174 ert
635 1101 762 1198 niger:
788 1101 861 1174 Est
885 1101 993 1192 enim,
1007 1100 1107 1174 crine
1129 1098 1257 1183 ruber,v
1268 1095 1371 1190 niger

327 1247 403 1297 ore.
455 1224 491 1297 3.
517 1224 714 1298 Socrates'
731 1234 837 1298 estet
860 1236 997 1298 nonest
1021 1230 1212 1298 comatus:
1239 1243 1369 1316 nempe

326 1358 390 1435 eet,
407 1348 454 1422 ed
478 1348 699 1446 Scipionem,
717 1373 785 1422 non
808 1361 872 1434 est,
889 1347 934 1421 ed
960 1345 1249 1444 Xenophontem
1273 1365 1371 1417 com-

326 1481 486 1569 paratus.
539 1473 572 1544 4.
604 1472 742 1544 Nestor
775 1483 828 1544 est
861 1481 898 1543 et
932 1497 1000 1545 non
1034 1483 1086 1545 est
1120 1492 1256 1544 senex:
1300 1466 1370 1538 Est

327 1596 438 1682 enim,
456 1595 485 1667 si
511 1595 557 1668 de
582 1595 692 1668 tertia
714 1593 794 1691 ejus
817 1602 940 1680 aetete,
957 1619 1025 1667 non
1048 1605 1112 1679 en,
1131 1594 1161 1665 si
1184 1590 1230 1665 de
1256 1589 1371 1688 prime

327 1717 497 1814 loqueris.

377 1840 412 1912 2.
440 1841 646 1914 Contrariae
675 1843 720 1914 A.
752 1843 795 1914 Ε.
825 1841 863 1914 in
897 1840 999 1914 nulla
1032 1841 1140 1914 simul
1171 1863 1288 1923 verae;
1332 1840 1369 1912 in

329 1963 580 2058 Contingenti‚
610 1963 718 2037 simul
750 1963 874 2049 falsae3
919 1965 955 2038 in
991 1965 1133 2050 ceteris,
1169 1988 1241 2037 una
1274 1987 1372 2048 vere,

326 2086 417 2160 salse
443 2087 581 2173 altera;
617 2112 750 2186 nempe
775 2090 811 2162 in
843 2089 1071 2176 Necessaria,
1100 2113 1186 2172 vere
1212 2091 1256 2162 A.
1283 2087 1372 2161 false

327 2212 359 2284 E
373 2239 382 2297 ;
410 2212 448 2285 in
463 2199 701 2309 impossibili,
718 2237 804 2287 vere
822 2214 866 2286 E.
883 2213 973 2286 falsa
989 2213 1033 2287 A.

377 2335 413 2408 3.
441 2335 713 2409 Subcontreriae
758 2336 787 2409 Ι.
819 2337 862 2410 Ο.
897 2337 932 2409 in
978 2336 1229 2432 Contingenti,
1263 2333 1370 2407 simul

328 2482 447 2543 verae;
475 2460 512 2532 in
530 2459 632 2532 nulle
653 2459 760 2532 simul
783 2458 907 2544 falsae;
934 2459 971 2531 in
992 2459 1219 2545 Necessaria,
1236 2482 1323 2531 vere
1340 2458 1370 2530 1.

327 2579 417 2654 false
434 2582 490 2667 0;
517 2582 553 2654 in
575 2581 806 2679 Impossibili,
823 2606 909 2655 vera
927 2582 971 2654 Ο.
988 2581 1079 2655 falsa
1097 2582 1127 2655 Ι.

378 2704 412 2776 4.
440 2705 671 2778 Subalternae
695 2707 738 2778 A.
759 2705 788 2779 Ι.
809 2705 865 2778 vel
884 2706 927 2779 E.
946 2706 990 2779 Ο.
1010 2716 1046 2778 et
1070 2706 1177 2779 simul
1201 2729 1310 2791 verae,
1333 2713 1371 2777 et

368 2957 381 2984 v
402 2948 514 3014 Zoilus,
530 2967 580 3007 see
596 2951 727 3018 Mertiel,
742 2951 794 3011 lib.
809 2953 861 3010 xii.
877 2971 924 3029 ep.
941 2957 987 3012 54.

447 3040 539 3101 Crine
554 3046 653 3114 ruber,
668 3047 756 3124 niger
769 3066 830 3116 ore,
845 3047 944 3108 brevis
958 3049 1045 3126 pede,
1060 3049 1176 3108 lumine
1190 3050 1291 3116 laesus,

448 3135 524 3195 Rem
539 3157 682 3217 magnam
696 3151 831 3217 praestes,
847 3145 942 3213 Zoilo,
958 3146 984 3203 ei
999 3146 1098 3204 bonus
1113 3164 1154 3204 es.

366 3239 382 3264 '
403 3233 527 3292 Aldrich
556 3235 612 3293 hes
641 3245 697 3296 not
724 3239 826 3298 before
854 3242 1033 3300 mentioned
1060 3243 1112 3302 the
1140 3243 1314 3319 opposition
1342 3240 1376 3300 of

326 3332 476 3406 singulare.
513 3343 529 3366 “
541 3332 682 3394 Socrates
697 3336 723 3394 is
738 3337 836 3408 wise,”
850 3338 1017 3398 “Socrates
1032 3342 1058 3399 is
1073 3349 1128 3400 not
1141 3341 1239 3400 wise.''
1272 3340 1373 3398 These

328 3445 379 3486 ere
401 3429 665 3500 contradictories;
695 3434 811 3511 though
834 3417 1066 3496 thedefinition
1088 3436 1162 3495 does
1183 3442 1239 3494 not
1259 3435 1374 3512 strictly

330 3523 453 3582 include
475 3525 568 3593 them,
584 3528 697 3606 having
716 3529 937 3608 inadvertently
951 3531 1030 3590 been
1045 3532 1167 3591 worded
1189 3533 1284 3609 sclely
1302 3531 1374 3590 with

331 3617 484 3676 reference
498 3626 530 3677 to
549 3622 728 3682 nniverscls.
770 3625 833 3684 But
852 3628 923 3704 they
936 3629 1012 3686 hove
1031 3630 1083 3688 the
1097 3629 1241 3688 essentinl
1260 3629 1374 3688 feature

331 3712 365 3769 os
375 3715 632 3784 contradictorios,
645 3721 712 3778 thet
722 3739 780 3780 one
796 3724 822 3780 is
836 3724 945 3801 always
960 3733 1036 3794 true,
1048 3726 1109 3784 and
1124 3726 1175 3784 the
1187 3726 1275 3785 other
1285 3725 1373 3791 selem

329 3808 378 3879 (de
394 3809 454 3867 Int.
472 3815 498 3878 7,
515 3811 554 3888 8.)
567 3815 627 3872 end
643 3817 694 3875 the
709 3817 868 3878 definition
883 3823 981 3898 given,
998 3822 1085 3882 Anel.
1098 3823 1180 3882 Post.
1194 3825 1215 3882 i.
1232 3827 1259 3882 2.
1273 3826 1300 3881 o.
1315 3821 1375 3880 will

330 3904 453 3963 include
468 3907 551 3965 them
563 3913 764 3988 τ-Ἀντίφιισις
778 3919 806 3972 δὲ
816 3919 946 3978 ἀντίθεσις
958 3921 988 3992 hs
997 3924 1043 3978 cdx
1052 3925 1111 3979 ἔστι
1119 3923 1216 3993 μπαξὸ
1225 3921 1280 3978 καθ’
1290 3919 1375 3990 αἰπήν·

330 3999 422 4058 Some
434 4003 597 4080 Logicinns
612 4009 668 4065 cell
685 4011 736 4068 the
749 4015 922 4088 opposition
935 4017 969 4075 os
980 4018 1141 4095 singulare,
1152 4019 1305 4094 secocdcry
1315 4035 1375 4074 con

329 4100 490 4158 tradiction.
531 4101 689 4172 Boethius,
705 4125 734 4181 p.
752 4109 819 4176 613,
833 4112 956 4188 regards
973 4115 1056 4174 them
1071 4135 1104 4174 es
1119 4113 1376 4174 contradictorics.

329 4191 386 4251 See
401 4196 464 4255 else
480 4195 596 4267 wellis,
611 4200 663 4260 lib.
679 4203 709 4260 ii.
725 4221 789 4278 cop.
807 4207 833 4262 5.
