3128 4976
586 462 815 514 nunrnnvra.
1178 443 1226 516 63

229 632 377 705 Ceterae
392 632 659 708 Conversiones
666 633 685 722 ¹,
699 661 783 710 cum
798 638 872 712 sint
884 639 1016 737 partim
1031 639 1226 736 ambiguae,

176 754 311 851 partim
338 754 453 844 ialsae,
473 758 606 855 partim
634 759 680 832 ad
706 771 894 859 praecepta
919 762 1224 861 Syllogismorum

176 877 338 966 inutiles
354 881 392 953 in
411 882 550 978 Logica
568 884 833 982 negligunturss.

179 1152 315 1225 Virgilius
338 1163 377 1210 est
401 1153 511 1220 Poeto,·
538 1173 609 1232 ergo
633 1158 746 1232 Aliquis
769 1157 861 1216 Poeta
884 1168 922 1215 est
950 1158 1092 1232 Virgilius.
1135 1158 1223 1226 Item,

177 1247 313 1321 Vispilias
329 1268 387 1306 non
405 1261 444 1308 est
464 1250 597 1317 Grecis,-
618 1271 689 1330 ergo
709 1255 816 1313 Nullas
836 1253 999 1314 Graecorum
1018 1265 1056 1312 eet
1081 1255 1222 1329 Virgilian.

174 1341 274 1418 litque
289 1344 321 1400 in
337 1344 404 1403 aliis
419 1347 568 1405 similiter.

215 1449 232 1472 “
246 1439 280 1497 Si
295 1447 397 1498 autem
413 1442 609 1502 Convertendce
623 1446 840 1520 propositionis
854 1445 1047 1504 Praedicotnm
1063 1446 1104 1503 sit
1117 1445 1221 1504 Indici·

172 1535 269 1602 dnum,
280 1536 496 1614 (quodcunque
505 1540 647 1600 habuerit
655 1542 858 1619 Subjectum,)
869 1543 1058 1602 Commentis
1066 1541 1222 1618 Suly'ectnm

171 1631 298 1706 (qqupe
312 1633 394 1708 quod
408 1633 507 1694 iuerat
520 1636 718 1696 Convertmdoe
732 1637 936 1713 Prodicatnm)
946 1638 1131 1697 Indioidavm
1147 1639 1205 1696 erit
1213 1659 1220 1706 ;

173 1735 335 1802 propterea
353 1737 385 1788 et
403 1731 575 1807 Propositio
590 1732 757 1792 Convertere
778 1735 881 1811 (siqua
900 1734 954 1810 sit)
975 1735 1146 1792 necessario
1164 1737 1222 1794 erit

172 1823 345 1898 Singularis,
360 1827 496 1902 adeoque
515 1828 710 1888 Univereols's.'’
751 1829 809 1888 See
829 1830 894 1888 also
913 1829 1015 1890 Reid's
1032 1829 1152 1900 Worlss,
1173 1832 1219 1890 ed.

173 1919 345 1989 Hamilton,
360 1941 390 1998 p.
407 1925 474 1986 697.

212 2015 355 2075 ‘Oeten
375 2019 569 2076 conversiones.
611 2021 672 2077 For
692 2019 745 2078 the
766 2019 881 2078 benerit
901 2021 935 2079 ol
951 2022 1003 2080 the
1025 2023 1156 2088 curicus,
1178 2041 1220 2080 we

171 2119 264 2186 quote
278 2112 332 2171 the
345 2111 516 2190 following:
541 2116 646 2173 “Tres
661 2115 754 2192 igitur
767 2123 841 2173 sunt
854 2115 978 2176 famosae
993 2117 1075 2194 apud
1088 2118 1219 2195 Logicos

171 2208 380 2266 conversionis
401 2209 529 2284 species.
572 2209 650 2268 Dico
671 2209 805 2279 famosae,
827 2213 972 2287 quoniam
993 2215 1136 2272 nonnulli
1158 2233 1219 2272 mo·

171 2301 260 2361 demi
275 2305 457 2364 invenerunt
471 2305 547 2365 duas
561 2307 636 2364 alias
650 2308 856 2366 conversionis
874 2309 1000 2384 species,
1015 2327 1143 2384 quarum
1157 2327 1220 2369 una

171 2406 219 2458 est
232 2401 389 2460 conversio
404 2403 648 2478 propositionum
667 2403 784 2462 nullius
803 2405 990 2478 quantitatis,
1006 2412 1041 2462 ut
1059 2405 1218 2464 exclusisse

170 2504 202 2554 et
228 2497 464 2572 reduplicativae.
506 2499 586 2557 Nam
615 2499 658 2558 sic
686 2500 871 2558 convertitur
898 2499 1065 2566 exclusiva;
1098 2509 1219 2559 tantum

169 2592 264 2651 homo
279 2601 327 2651 est
345 2595 511 2662 rationalis,
526 2613 618 2654 omne
637 2595 785 2654 rationale
805 2603 852 2653 est
870 2595 980 2653 homo:
1002 2594 1219 2672 reduplicativa

169 2695 272 2746 autem
288 2688 332 2747 sic
346 2691 546 2749 convertitur:
569 2691 662 2748 homo
676 2691 709 2748 in
725 2697 873 2766 quantum
887 2690 980 2749 homo
992 2700 1040 2750 est
1051 2692 1217 2758 rationalis,

169 2785 318 2844 rationale
333 2794 380 2845 est
398 2786 490 2844 homo
508 2787 542 2845 in
562 2794 710 2862 quantum
730 2787 833 2846 homo.
874 2787 954 2845 Item
973 2789 1216 2864 propositionum

169 2880 348 2948 modalium,
363 2889 398 2939 ut
417 2883 575 2942 hominem
597 2900 664 2942 esse
686 2883 790 2942 album
812 2891 859 2942 est
878 2883 1033 2960 possibile,
1056 2901 1127 2962 crgo
1149 2903 1215 2959 pos-

169 2976 258 3034 sibile
284 2984 332 3036 est
351 2978 508 3036 hominem
534 2997 601 3038 esse
626 2979 739 3038 album.
780 2979 860 3038 Item
885 2981 938 3038 alii
962 2980 1120 3057 imaginati
1143 2987 1217 3040 sunt

170 3070 246 3130 duas
271 3073 346 3132 alias
369 3075 496 3150 species.
537 3075 640 3133 Prima
663 3085 710 3134 est
733 3075 855 3151 quando
878 3083 1015 3135 mutatur
1034 3077 1164 3152 qualitas
1186 3085 1217 3136 et

168 3185 230 3226 non
244 3170 408 3244 quantitas,
423 3178 458 3229 ut
470 3172 537 3238 hio;
560 3173 661 3231 omnis
676 3173 769 3230 homo
789 3180 837 3230 est
855 3173 977 3241 animal,
994 3191 1084 3232 omns
1102 3174 1216 3232 animal

167 3281 230 3321 non
251 3273 300 3323 est
319 3266 421 3325 homo.
464 3267 606 3327 Secunda
629 3277 676 3326 est
699 3268 823 3343 quando
847 3277 983 3327 mutatur
1006 3270 1160 3344 quantitas
1185 3278 1216 3328 et

168 3361 307 3435 qualitas,
322 3371 358 3420 ut
370 3363 437 3429 hio;
460 3365 667 3422 omnishomo
682 3373 728 3424 est
748 3365 870 3430 animal,
886 3362 1008 3438 aliquod
1023 3365 1136 3421 animal
1151 3382 1214 3422 non

167 3466 215 3516 est
227 3459 331 3516 homo.
372 3459 484 3518 Verum
500 3461 572 3536 quia
590 3460 767 3538 hujusmodi
787 3459 1000 3518 conversiones
1017 3477 1080 3516 non
1095 3459 1215 3518 suntin

166 3571 233 3622 usu,
248 3573 306 3614 nec
320 3555 411 3614 nobis
425 3555 600 3615 deserviunt
612 3574 668 3631 pro
682 3555 860 3614 reductione
874 3554 1129 3632 syllogismorum,
1144 3555 1214 3615 ideo

166 3650 401 3708 immorabimur
413 3652 492 3710 circa
509 3653 640 3727 primam
660 3659 691 3710 et
709 3650 874 3710 secundam
895 3651 1037 3727 speciem,
1052 3657 1213 3728 tangentes

165 3746 297 3806 breviter
317 3746 356 3806 de
377 3750 474 3816 tertis,
490 3751 633 3809 omnibus
655 3749 723 3808 aliis
743 3749 885 3808 relictis.'’
924 3749 1068 3816 lavellus,
1083 3748 1122 3808 de
1144 3748 1213 3808 Pro

163 3844 327 3918 positione,
342 3862 408 3920 cap.
422 3845 453 3902 ii.

202 3950 214 3984 ¹
234 3938 268 3996 Is
282 3938 336 3996 the
348 3957 491 3999 converse
503 3959 542 3999 an
554 3939 707 4000 inierence
718 3939 796 3999 from
809 3941 860 4000 tlre
872 3939 1000 4017 original
1011 3940 1210 4016 proposition,

163 4053 205 4102 or,
227 4053 261 4092 as
282 4035 425 4112 Whately
446 4053 524 4113 says,
539 4035 592 4094 the
614 4053 697 4094 same
718 4035 883 4112 judgment
906 4036 939 4092 in
963 4035 1091 4093 another
1112 4032 1212 4092 form?

162 4129 240 4190 This
261 4147 322 4188 was
343 4149 382 4187 an
404 4131 485 4207 early
503 4131 592 4206 point
611 4129 646 4188 ol
663 4130 785 4205 dispute
806 4148 918 4208 among
939 4130 992 4188 the
1015 4129 1208 4189 Schoolmen.

161 4225 219 4285 See
240 4227 358 4284 albert
379 4227 411 4284 in
433 4227 520 4286 Anal.
542 4228 590 4284 Pr.
611 4227 711 4286 Traot.
734 4227 752 4284 i.
775 4245 839 4302 cap.
862 4230 888 4285 8.
931 4225 1076 4284 Aristotle
1099 4224 1209 4298 clearly
