3128 4976
581 496 810 546 nunrnsnrn.
1173 475 1221 550 73

175 668 276 765 quod
299 668 449 765 aliquod
471 693 570 743 nou:
599 671 698 767 Ergo
721 677 947 767 potestesse
971 694 1099 743 verum
1121 671 1222 767 quod

175 792 347 887 aliquod:
375 793 476 888 Ergo
503 793 550 865 de
577 792 701 889 aliquo
725 801 847 892 potest
868 793 993 890 negari
1020 794 1122 891 quod
1145 818 1220 868 non

174 915 221 988 do
238 916 349 988 omni.

226 1040 260 1114 7.
288 1038 489 1112 Praemissis
515 1038 734 1135 negantibus
759 1039 850 1112 nihil
875 1039 1073 1136 probatur:
1102 1039 1358 1120 Affer-nnusr.

175 1169 235 1234 tur
252 1160 348 1234 enirn
368 1160 518 1235 tertium
542 1161 602 1234 cui
625 1169 825 1258 utrumque
848 1171 1056 1236 extremum
1074 1163 1197 1238 differt
1209 1192 1219 1249 ;
1231 1134 1305 1183 Μ’
1317 1136 1340 1182 ¹'

173 1307 248 1358 nou
267 1273 470 1358 autem'cui
490 1283 550 1358 vel
575 1292 775 1380 utrumque
798 1285 1006 1372 conveniat,
1023 1285 1081 1358 vel
1103 1309 1218 1360 unum

173 1406 381 1493 conveniat,
398 1406 555 1480 alterum
574 1405 729 1481 differat.

223 1528 259 1602 8.
285 1528 323 1602 Si
340 1529 609 1626 praemissarum
628 1528 744 1601 altera
761 1528 808 1601 sit
825 1528 1005 1625 negativa,
1023 1530 1090 1604 erit
1108 1532 1216 1606 etiarn

174 1652 383 1727 Conclusio.
428 1653 524 1726 Nam
542 1651 812 1749 praemissunrm
830 1653 971 1750 reliqua
988 1664 1044 1728 est
1064 1656 1220 1731 affirma·

173 1777 270 1850 tiva:
297 1776 398 1873 Ergo
422 1783 670 1849 extremorum
694 1797 809 1848 unum
834 1774 956 1849 differt
979 1778 1112 1866 medio,
1129 1779 1219 1853 alte-

172 1922 254 1972 rum
280 1898 473 1971 convenit:
511 1898 612 1992 Ergo
638 1905 806 1972 extrema
830 1897 1005 1975 differunt
1032 1901 1127 1976 inter
1156 1927 1216 1977 se:

174 2024 273 2120 Ergo
291 2022 479 2097 conclusio
497 2030 553 2096 est
570 2021 751 2118 negativa.

221 2148 258 2222 9.
285 2147 485 2234 contrusi
507 2145 709 2220 Conclusio
732 2146 780 2220 sit
804 2147 986 2242 negativa,
1011 2149 1080 2223 erit
1106 2149 1299 2232 etiumnnu.
1346 2219 1352 2233 .

172 2270 288 2344 ultera
305 2269 585 2366 praemissarum.
633 2270 731 2344 Nam
749 2277 915 2344 extrema
932 2270 1106 2346 differunt
1121 2246 1249 2347 interl·
1260 2249 1301 2296 ²⁴·

172 2418 233 2469 se:
270 2396 370 2490 Ergo
397 2417 527 2467 eorum
554 2416 670 2467 unum
700 2393 873 2465 convenit
899 2392 1034 2478 medio,
1061 2393 1217 2467 alterum

171 2518 314 2592 differt:
342 2518 443 2612 Ergo
460 2516 729 2613 praemissarum
753 2514 869 2588 altera
891 2514 1060 2605 affirmat,
1077 2515 1218 2614 reliqua

171 2650 292 2738 negat.

225 2765 281 2837 10.
300 2762 500 2838 Proemissis
510 2759 790 2862 particularibus
801 2760 890 2834 nihil
902 2760 1089 2860 probatur.
1118 2763 1214 2836 Nam
1223 2795 1351 2846 ruffi,

170 2887 441 2983 praemissarum
459 2886 576 2960 altera
592 2886 774 2959 affirmat:
803 2885 904 2984 Ergo
921 2886 959 2960 in
975 2885 1037 2960 illa
1055 2886 1215 2961 medium
1224 2861 1248 2911 Ι·
1258 2864 1299 2910 ²⁴¹
1312 2863 1334 2909 ¹⁰
1415 2965 1418 2974 ,

170 3033 246 3086 non
271 3006 519 3085 distribuitur:
547 3011 646 3106 Ergo
670 3008 836 3084 distribui
860 3010 972 3084 debet
992 3011 1030 3084 in
1052 3010 1215 3107 reliqua:

170 3133 270 3228 Ergo
288 3132 351 3206 illa
367 3142 424 3206 est
441 3131 610 3229 negativa
627 3132 664 3205 in
689 3145 766 3228 qua
788 3131 948 3206 medium
973 3133 1213 3229 praedicatur:

170 3257 270 3352 Ergo
297 3255 485 3330 conclusio
509 3255 704 3353 negativa:
742 3255 843 3352 Ergo
870 3254 1109 3351 praediootum
1136 3254 1215 3351 ejus

169 3380 409 3467 distribuitur,
443 3378 544 3476 quod
586 3379 623 3451 in
665 3376 860 3475 praemissis
894 3400 969 3448 non
1007 3385 1064 3448 est
1097 3375 1215 3456 distri,

169 3502 322 3588 butum3
350 3502 436 3575 Fuit
454 3501 551 3574 enim
576 3499 636 3572 vel
659 3499 888 3572 affirmativae
911 3497 1087 3570 terminus
1109 3496 1214 3585 alter,

168 3625 227 3698 vel
243 3623 450 3722 subjectum
469 3623 672 3720 negativae3
700 3621 834 3695 horum
852 3644 938 3694 vero
955 3618 1078 3693 nullus
1095 3618 1213 3694 distri·

166 3748 300 3824 buitur.

221 3872 277 3946 ll.
306 3871 345 3944 Si
367 3870 638 3967 praemissarum
663 3867 779 3942 altera
800 3866 1029 3965 particularis
1049 3866 1108 3954 sit,
1125 3890 1292 3953 con-,im
1306 3905 1348 3952 pf.

168 3993 281 4067 clusio
309 4016 459 4090 quoque
486 3989 712 4090 particularis
735 4000 801 4064 est.
852 3990 907 4063 Sit
931 3989 1028 4063 enirn
1056 3989 1089 4063 l.
1113 3967 1329 4062 Prae-1²⁴³·

166 4117 360 4190 missarum
387 4115 501 4189 altera
524 4113 752 4211 particularis
777 4113 1014 4199 affirmativa3
1046 4113 1146 4210 Ergo
1174 4113 1212 4185 in

165 4240 227 4314 illa
244 4264 314 4315 nec
334 4247 540 4312 extremum
558 4260 666 4311 suum
683 4261 754 4311 nec
778 4237 937 4312 medium
962 4234 1211 4310 distribuitur:
