3142 4976
377 443 447 516 122
767 463 873 514 serre
892 461 1030 514 coarcte

374 642 530 717 Scieotio
558 641 678 714 omnis
707 646 763 713 est
796 639 963 737 Cognitia
993 639 1046 712 roi
1074 666 1141 737 per
1171 661 1326 722 caucam,
1357 633 1422 708 sed

367 767 514 865 proprie
539 765 635 840 dicto
660 788 725 862 per
747 764 944 860 propriam,
968 764 1004 837 h.
1022 787 1053 838 e.
1076 764 1301 860 proximam:
1335 784 1421 834 nam

373 915 439 988 per
455 897 634 964 remotam
656 889 799 962 Currit
822 889 1052 986 aliquatenus
1074 888 1303 974 ostenditur;
1333 886 1423 960 nihil

373 1015 528 1114 amplius
546 1037 657 1111 quom
678 1013 786 1100 Quod
798 1014 845 1087 o'r
863 1014 1147 1089 demonstratur.

423 1139 627 1235 Utriusque
638 1137 780 1235 Speciei
791 1138 956 1211 membre
968 1139 1085 1234 gradu
1096 1137 1282 1212 differunt.
1321 1135 1419 1210 Nam

374 1264 524 1364 obliquo
547 1255 604 1338 iim
629 1271 685 1338 est
709 1263 868 1338 deterior
894 1265 1045 1353 directa,
1063 1266 1150 1362 quia
1172 1289 1246 1339 non
1269 1265 1422 1338 demon-

374 1399 466 1464 stret
481 1415 555 1465 rem
572 1390 625 1462 ito
642 1411 725 1475 eote,
743 1387 812 1461 nisi
829 1395 1013 1484 quatenus
1030 1389 1140 1462 docet
1162 1414 1239 1463 eom
1263 1388 1370 1462 aliter
1385 1411 1421 1460 oe

373 1514 501 1590 habere
534 1539 603 1588 ooo
631 1519 759 1604 porcc;
801 1511 903 1608 quod
937 1514 1084 1588 tametsi
1117 1512 1249 1587 eodem
1283 1511 1421 1598 redeat,

373 1647 498 1712 tamen
533 1637 656 1710 animo
690 1638 812 1710 minus
847 1636 1041 1723 satisfacit3
1085 1661 1172 1711 nam
1207 1637 1237 1710 si
1276 1661 1342 1734 par
1376 1636 1422 1709 sit

374 1760 572 1859 utrobique
591 1759 798 1847 Certitud0,
816 1760 925 1857 hujus
942 1769 1067 1835 tamen
1091 1761 1211 1834 minor
1229 1759 1423 1834 Evidentia

376 1893 463 1958 estc.
520 1863 527 1880 ⁵

429 2011 553 2084 Habet
577 2016 615 2082 et
641 1997 751 2082 Διότι
776 2032 863 2082 suos
888 2008 1046 2106 gradus3
1074 2009 1160 2106 quia
1195 2018 1317 2106 potest
1343 2033 1422 2083 esse

375 2159 486 2209 causa
516 2134 684 2232 proxima
709 2156 795 2230 quae
825 2155 899 2206 non
930 2140 986 2204 est
1008 2132 1141 2230 primm
1168 2133 1204 2207 h.
1231 2157 1264 2206 e.
1291 2157 1357 2230 per
1383 2157 1421 2206 se

376 2267 466 2333 notu
499 2267 536 2332 et
569 2255 926 2332 indemonstrabilis:
970 2254 1075 2354 cujus
1108 2256 1191 2329 ideo
1229 2255 1424 2355 praeiertur

375 2381 583 2468 Evidentia,
601 2381 687 2478 quia
705 2381 982 2475 (contraquam
1001 2381 1166 2476 caeterae)
1185 2403 1252 2453 sue
1267 2380 1353 2453 luce
1367 2390 1423 2454 est

375 2507 586 2604 conspicue,
616 2514 654 2578 et
684 2503 774 2577 nihil
807 2503 948 2600 indiget
982 2503 1112 2578 aliena.
1165 2504 1302 2591 Quare,
1338 2529 1422 2601 quae

375 2845 456 2893 cont.
481 2835 510 2892 9.
555 2833 663 2892 Hence
688 2833 739 2891 the
762 2832 917 2910 following
940 2834 1095 2910 specimen
1124 2833 1158 2892 of
1181 2853 1200 2893 a
1223 2837 1421 2894 donorutratio

370 2931 535 3003 potissima:
1079 2943 1083 2950 “

577 3059 665 3116 Omma
678 3060 788 3116 animai
801 3059 943 3117 rationale
956 3071 995 3116 cot
1009 3061 1130 3124 mutim

576 3154 673 3212 Omnis
686 3154 768 3212 homo
782 3165 821 3211 cot
835 3156 1117 3221 ammirationem:
1138 3173 1208 3232 ergo

576 3251 673 3308 Οηιπίε
687 3252 769 3308 hamo
783 3261 822 3309 ost
835 3252 959 3310 risibilia.

376 3381 444 3457 Any
466 3378 656 3456 subsequent
677 3379 920 3438 demonstration
941 3379 1019 3438 from
1043 3380 1104 3438 this
1128 3379 1323 3448 conclusion;
1355 3399 1382 3439 e.
1396 3397 1423 3458 g.
1553 3409 1554 3420 κ

379 3479 475 3538 Omnia
501 3479 692 3554 Philosophus
725 3489 763 3536 cet
798 3479 898 3542 homo,-
931 3495 1003 3554 ergo
1038 3478 1136 3536 Oronte
1167 3477 1358 3554 Ploilocopluu
1388 3489 1426 3538 m
1553 3531 1554 3540 ,

376 3577 508 3640 risibilia:
541 3575 641 3633 would
669 3575 707 3632 be
731 3595 783 3649 por
806 3593 921 3632 caueam
944 3575 1113 3648 proximam,
1139 3577 1186 3633 eod
1210 3595 1268 3634 nan
1290 3578 1422 3650 primam.

377 3671 525 3730 Whether
544 3672 605 3729 thie
625 3671 803 3730 distinction
826 3689 883 3728 cen
897 3669 984 3747 fairly
999 3670 1037 3728 be
1060 3670 1161 3730 traced
1181 3679 1212 3730 to
1232 3673 1378 3732 Aristode
1398 3672 1423 3729 is

378 3767 597 3843 questioncble.
638 3767 730 3826 Some
741 3768 858 3827 further
869 3769 1004 3828 remarks
1016 3769 1076 3828 will
1088 3770 1126 3828 be
1138 3769 1242 3840 found,
1255 3770 1422 3848 Appendix,

377 3871 449 3920 note
465 3861 504 3919 Κ.

418 3969 429 4001 ⁹
451 3958 535 4016 Here
556 3977 599 4018 we
619 3960 694 4018 hove
714 3979 732 4018 a
751 3961 833 4020 third
852 3962 999 4038 meaning
1011 3962 1046 4019 of
1063 3963 1211 4020 evidentia.
1252 3961 1329 4020 Itis
1348 3980 1424 4028 now,

376 4061 432 4112 not
445 4055 498 4113 the
513 4055 706 4114 evidentness
721 4055 756 4115 of
773 4076 791 4116 e
807 4058 994 4134 Propositiom,
1009 4059 1065 4116 but
1084 4059 1151 4117 that
1164 4058 1198 4116 of
1214 4077 1233 4116 a
1246 4059 1424 4118 Danaamra

377 4154 454 4218 riam:
475 4151 494 4208 i.
507 4171 532 4210 e.
549 4152 600 4211 the
615 4153 768 4213 clearnose
784 4155 818 4213 of
835 4157 1015 4213 connection
1037 4155 1174 4216 between
1195 4155 1345 4230 promises
1365 4154 1423 4214 end

377 4249 563 4308 conclusion.
