3128 4976
194 2467 234 2513 24.
246 2465 270 2512 8.

347 455 368 532 7
372 459 394 528 4
738 476 843 528 sarrs
862 479 1000 528 noeros

349 653 450 748 Ergo
477 650 640 725 medium
670 653 897 728 distribuitur
922 655 961 728 in
990 655 1143 753 reliqua,
1168 679 1253 752 quae
1281 657 1393 732 etiam

348 774 571 848 Universalis
594 783 662 862 est,
679 775 799 872 sitque
825 777 857 850 l.
875 777 1125 852 Affirmativa:
1153 779 1253 876 Ergo
1275 780 1313 851 in
1331 779 1396 853 illa

273 965 280 972 .
349 897 511 972 medium
528 896 730 994 subjicitur,
747 907 786 970 et
803 907 1008 973 extremum
1028 900 1150 974 medio
1173 901 1392 976 attributum

349 1045 425 1095 non
447 1020 698 1094 distribuitur:
725 1021 825 1118 Ergo
851 1030 1025 1096 neutrum
1049 1031 1299 1098 extremorum
1322 1023 1396 1097 dis-

350 1142 523 1217 tribuitur
558 1144 596 1216 in
630 1143 847 1240 praemissis:
892 1145 992 1242 Ergo
1027 1155 1200 1220 neutrum
1233 1147 1271 1219 in
1306 1169 1397 1219 cou-

351 1269 536 1343 clusione:
574 1269 675 1365 Ergo
705 1268 892 1342 conclusio
921 1269 1149 1366 particularis
1178 1269 1398 1343 affirmativa

351 1403 417 1468 est
471 1393 526 1467 Sit
555 1393 590 1467 2.
616 1392 819 1488 Negativa:
855 1393 957 1490 Ergo
985 1394 1172 1468 conclusio
1202 1393 1396 1491 negativa:

352 1517 417 1592 sed
460 1515 571 1590 debet
612 1514 747 1588 habere
780 1524 989 1589 extremum
1023 1539 1097 1591 non
1137 1515 1395 1590 distributum:

353 1641 453 1737 Ergo
471 1638 700 1736 particularis
716 1639 886 1736 negativa
902 1647 970 1713 est

401 1764 458 1838 Sit
475 1764 509 1837 2.
536 1763 814 1836 Praemissarum
830 1761 946 1834 altera
961 1761 1189 1860 particularis
1207 1761 1397 1860 negativa:

352 1893 452 1986 Ergo
466 1886 624 1982 Reliqua
635 1885 860 1962 Universalis
873 1885 1112 1960 afflnnativa:
1138 1887 1239 1982 Ergo
1252 1885 1290 1959 in
1304 1909 1399 1983 prae-

352 2012 468 2088 missis
499 2011 573 2084 duo
604 1995 750 2082 tantum
785 2009 932 2082 termini
967 2009 1256 2084 distribuuntur:
1295 2009 1398 2106 Ergo

355 2134 554 2210 Conclusio
566 2133 680 2208 habet
696 2141 904 2206 extremum
922 2157 998 2207 non
1012 2133 1268 2208 distributum:
1294 2135 1397 2230 Ergo

355 2284 439 2334 cum
457 2257 628 2356 negativa
644 2257 703 2343 sit,
720 2257 789 2330 erit
805 2256 916 2330 etiam
933 2256 1172 2354 particularis.

195 2402 244 2448 nn.
256 2399 299 2446 rr.
309 2398 333 2447 1.
408 2383 465 2456 12.
493 2377 607 2464 Quod
641 2380 672 2454 si
707 2379 924 2453 C'onclusio'
958 2379 1187 2476 particularis
1229 2380 1288 2467 sit,
1321 2403 1399 2453 non

354 2529 502 2581 necesse
546 2513 604 2578 est
644 2503 912 2601 praemissarum
947 2502 1101 2576 alteram
1142 2502 1400 2600 particularem

355 2653 445 2704 esse.
496 2629 590 2702 Fieri
607 2627 706 2700 enim
726 2634 863 2724 potest,
879 2632 922 2698 ut
945 2625 1114 2699 instituto
1137 2651 1221 2699 meo
1243 2627 1401 2700 sufficiat

356 2752 616 2836 subalternata,
647 2749 796 2846 quando
826 2747 1082 2823 subalternans
1113 2751 1236 2846 potuit
1265 2749 1400 2824 inferri.

357 2875 408 2948 Et
425 2899 510 2948 cum
528 2874 601 2948 illre
618 2874 691 2946 sint
711 2871 817 2946 simul
842 2896 951 2960 verae,
967 2871 1123 2947 liberum
1145 2883 1202 2947 est
1225 2875 1401 2950 utramvis

356 2995 500 3070 inferre.
537 2996 759 3091 Quanquam
773 2995 897 3069 stricte
909 2995 1110 3092 loquendo,
1120 2997 1401 3092 Argumentatio

357 3142 432 3192 non
457 3127 514 3193 est
536 3127 732 3202 accurata3
759 3141 845 3191 nam
872 3117 1141 3192 Subalternatae
1167 3120 1299 3194 veritas
1324 3143 1401 3196 nou

357 3244 566 3319 immediate
600 3243 793 3318 deducitur
827 3267 874 3316 ex
908 3243 1114 3340 premissis,
1144 3243 1210 3318 sed
1238 3269 1287 3318 ex
1316 3244 1403 3319 sub-

358 3369 573 3444 alternante.

399 3687 410 3715 ¹
431 3676 508 3734 This
522 3677 587 3733 rule
602 3677 628 3734 is
643 3676 731 3752 given
751 3674 791 3752 by
804 3675 958 3744 Aristode,
973 3683 1029 3734 not
1043 3677 1114 3736 with
1133 3677 1286 3737 reference
1306 3685 1338 3738 to
1351 3678 1404 3738 the

360 3769 516 3828 subaltern
537 3769 654 3836 muodo,
669 3770 725 3828 but
745 3776 776 3827 to
797 3770 849 3828 tha
871 3769 952 3829 third
973 3770 1077 3848 ligure,
1096 3773 1129 3830 in
1143 3772 1241 3831 which
1262 3779 1321 3833 two
1340 3775 1404 3832 uni-

360 3865 457 3923 versal
477 3865 626 3940 promises
650 3865 722 3942 only
746 3873 876 3924 narrant
900 3885 918 3924 a
941 3868 1105 3942 particular
1128 3870 1314 3928 conclusion.
1353 3871 1404 3929 'An

361 3959 478 4018 inverse
506 3960 572 4017 rule
597 3959 632 4017 of
656 3960 810 4019 inference
837 3961 927 4020 holds
951 3963 1024 4021 with
1048 3964 1156 4040 regard
1179 3971 1211 4022 to
1235 3965 1320 4024 truth
1345 3967 1404 4024 and

361 4051 534 4110 falsehood:
557 4059 615 4111 two
635 4061 701 4111 true
721 4055 868 4130 promises
888 4057 1069 4116 necessitate
1089 4077 1107 4116 a
1128 4066 1194 4118 true
1209 4059 1403 4126 conclusion;

360 4148 416 4207 but
434 4147 485 4206 the
507 4148 590 4206 truth
611 4149 645 4207 of
663 4149 713 4207 the
734 4151 911 4209 conclusion
935 4152 1008 4211 does
1030 4161 1085 4212 not
1104 4163 1267 4232 guerantee
1288 4156 1355 4214 that
1374 4155 1409 4214 ol

361 4244 412 4302 the
428 4245 583 4320 promisee.
627 4245 672 4302 Gi.
687 4246 743 4303 An.
760 4246 807 4303 Pr.
825 4247 853 4303 ii.
870 4251 897 4304 2.
917 4251 940 4304 l.
