3142 4976
612 465 806 518 nernuorx.
1164 448 1233 519 143

188 639 313 713 sendae
339 651 425 713 sunt
451 642 723 738 Inecplioobiler
748 644 807 737 (ut
830 645 1024 735 vocentur)
1051 645 1233 730 Rationes,

190 785 283 858 quae
313 763 503 860 Megarici,
528 765 654 852 Stoici,
681 765 814 861 aliique
846 765 1038 838 Eristioam
1069 767 1233 862 professi,

189 886 345 980 propriis
356 887 565 960 nominibus
574 889 804 984 insignivere,
815 888 1032 975 Crocodilon,
1043 889 1233 975 Mentitur,

193 1009 394 1097 obvelatus,
422 1015 484 1085 dc.
507 1037 598 1110 quas
625 1013 818 1110 plerasque
844 1013 993 1110 collegit
1022 1014 1234 1102 Goerendor,

189 1143 227 1204 et
244 1133 370 1206 retulit
386 1133 423 1205 in
441 1134 552 1208 Libro
569 1133 612 1208 de
632 1134 782 1234 Origine
803 1147 837 1208 et
868 1136 1048 1210 Varietate
1064 1137 1235 1234 Logicoe:

191 1255 272 1328 Nos
298 1255 428 1329 eodem
455 1255 530 1331 lere
556 1258 683 1330 ordine
707 1258 978 1355 explorabimus
1005 1282 1080 1355 quo
1105 1258 1236 1331 abillo

187 1387 276 1452 sunt
292 1380 503 1476 propositae.

243 1501 275 1573 l.
301 1504 486 1575 Acnrnnsss
504 1513 659 1576 vocatur
676 1505 946 1600 Argumentum
972 1528 1046 1601 quo
1072 1529 1158 1578 usus
1180 1515 1236 1579 est
1245 1523 1398 1584 Aristl’hrs-

1245 1589 1320 1636 Auso.
1330 1587 1376 1635 VI.

191 1625 294 1698 Zeno
314 1625 474 1712 Eleates,
491 1651 566 1700 non
585 1639 626 1700 ut
652 1627 800 1700 Motum
825 1627 982 1714 tolleret,
1000 1628 1101 1724 quod
1128 1630 1269 1726 vulgoo.
1281 1652 1305 1698 o.

191 1748 256 1822 sed
286 1749 378 1823 falso
409 1749 563 1834 dicitur;
603 1751 668 1822 sed
696 1763 735 1823 ut
766 1751 977 1825 ostenderet
1007 1753 1235 1826 Contionum
1245 1713 1396 1827 d‘lvm'

192 1895 267 1944 non
295 1895 374 1946 esse
401 1871 542 1945 infinite
568 1873 756 1960 divisibile,
783 1875 868 1969 quia
894 1873 966 1948 hoc
992 1875 1079 1947 doto
1108 1876 1237 1949 Motus
1246 1843 1355 1956 {illut

191 1994 390 2068 tolleretur.
430 1997 701 2092 Argumentum
720 1995 770 2068 sic
789 1997 965 2069 sehabet.
1004 1997 1059 2070 Sit
1076 1997 1238 2070 Achilles
1246 1974 1287 2019 ²⁴·
1298 1973 1322 2018 ὖ·

190 2133 371 2219 quantum
389 2122 491 2196 voles
508 2112 625 2198 πόδας
645 2111 750 2211 ὠκὺς,
775 2132 865 2220 puta
891 2122 1050 2220 decuplo
1079 2122 1238 2196 velocior

190 2245 403 2319 Testudine.
473 2245 695 2327 Quiescente
729 2245 804 2331 illc,
839 2244 1038 2318 confecerit
1071 2245 1237 2318 Testudo

190 2378 334 2464 partem
351 2367 510 2464 aliquam
530 2371 637 2464 (puta
654 2369 852 2462 decimam)
867 2368 972 2464 spatii
990 2367 1235 2463 percurrendi.

190 2489 289 2564 Tum
332 2490 508 2586 procedat
542 2490 714 2576 Achilles,
749 2490 921 2584 idemque
955 2489 1113 2586 spatium
1157 2513 1238 2585 per-

190 2625 336 2689 currat:
363 2615 616 2711 progredietur
641 2614 785 2686 interim
812 2613 980 2686 Testudo
1006 2637 1072 2710 per
1095 2623 1236 2710 portem

191 2738 270 2834 ejus
287 2738 479 2824 decimam,
497 2738 533 2830 lp.
547 2763 578 2811 e.
597 2739 710 2811 totius
728 2737 835 2834 spatii
852 2738 1088 2810 centesimam
1103 2763 1112 2821 ;
1142 2737 1235 2810 hanc

191 2861 364 2934 conficiat
395 2860 569 2946 Achilles,
600 2869 638 2932 et
667 2871 857 2957 percurret
891 2861 1034 2934 interim
1071 2860 1236 2934 Testudo

190 2982 300 3080 hujus
335 2983 544 3056 centesimae
577 2983 780 3068 decimnm;
825 2995 862 3056 et
897 2984 948 3057 sic
992 2982 1164 3081 deinceps
1198 2984 1234 3055 in

190 3105 398 3191 inlinitum3
440 3131 514 3202 quo
549 3107 613 3179 fiet
643 3117 687 3180 ut
722 3106 882 3179 Achilles
917 3093 1106 3202 nunquam
1141 3130 1237 3179 asse·

191 3241 325 3325 quatur
345 3227 618 3302 Testudinem¹.

232 3487 243 3509 ¹
264 3475 320 3533 We
335 3485 418 3533 must
431 3485 486 3534 not
500 3476 653 3534 conlound
671 3475 722 3534 the
742 3473 961 3550 metaphysicnl
982 3471 1155 3532 difficulties
1169 3491 1236 3530 con·

191 3569 300 3628 neoted
314 3570 386 3628 with
404 3570 456 3629 the
476 3569 595 3630 infinito
615 3570 791 3647 divisibility
806 3570 840 3629 of
857 3587 955 3645 space,
971 3568 1042 3626 with
1063 3567 1115 3626 the
1129 3568 1238 3645 logical

191 3665 338 3743 difficulty
352 3666 387 3724 ol
405 3667 512 3725 efolee
532 3667 708 3725 conclusion
724 3666 901 3742 apparently
917 3663 1054 3723 deduced
1074 3663 1151 3722 from
1170 3673 1238 3722 true

191 3763 351 3838 promisee.
391 3762 584 3838 Archbishop
612 3763 752 3839 Whatoly
781 3761 889 3820 evades
918 3762 970 3820 the
998 3761 1096 3828 latter,
1125 3760 1165 3838 by
1188 3762 1237 3819 ob-

191 3858 312 3936 serving
326 3859 393 3916 thot
406 3859 458 3916 the
473 3859 610 3934 eophiem
626 3866 739 3916 cannot
752 3858 790 3915 be
810 3857 965 3939 exhibited
984 3858 1015 3915 in
1030 3875 1048 3915 a
1063 3855 1236 3934 Syllogiem.

190 3955 256 4014 But
275 3956 336 4014 thie
358 3955 530 4014 confession
553 3957 579 4014 ie
598 3957 631 4014 in
652 3955 713 4014 lect
730 3974 748 4014 n
763 3955 925 4014 surrender
946 3954 980 4012 ol
997 3953 1048 4012 the
1070 3955 1236 4031 syllogistic

189 4052 342 4118 criteri'om
362 4070 396 4110 ee
416 4071 434 4110 a
453 4069 559 4110 means
581 4051 615 4110 ol
633 4051 877 4127 discriminating
896 4050 1032 4109 between
1054 4049 1153 4108 eound
1175 4049 1235 4108 end

191 4146 336 4206 uneound
351 4147 522 4222 renconing.
565 4147 615 4206 On
630 4148 681 4206 tho
696 4157 843 4223 contrary,
858 4146 988 4224 nothing
1003 4147 1029 4205 is
1044 4147 1142 4204 eosier
1160 4145 1234 4203 then

189 4251 222 4300 to
237 4241 353 4300 exhibit
367 4243 418 4300 the
433 4244 596 4320 reasoning
610 4244 641 4300 in
657 4263 675 4302 e
689 4241 863 4320 Syllogiem,
878 4241 938 4302 and
957 4251 989 4301 to
1009 4243 1090 4300 show
1109 4241 1235 4316 thereby
