<?xml version="1.0" encoding="UTF-8"?>
<!DOCTYPE html PUBLIC "-//W3C//DTD XHTML 1.0 Transitional//EN"
    "http://www.w3.org/TR/xhtml1/DTD/xhtml1-transitional.dtd">
<html xmlns="http://www.w3.org/1999/xhtml" xml:lang="en" lang="en">
 <head>
  <title>
</title>
<meta http-equiv="Content-Type" content="text/html;charset=utf-8" />
  <meta name='ocr-system' content='tesseract 3.04.00' />
  <meta name='ocr-capabilities' content='ocr_page ocr_carea ocr_par ocr_line ocrx_word'/>
</head>
<body>
  <div class='ocr_page' id='page_1' title='image "./artislogicaerud02aldrgoog_0178.png"; bbox 0 0 3128 4976; ppageno 0'>
   <div class='ocr_carea' id='block_1_1' title="bbox 585 451 1219 522">
    <p class='ocr_par' dir='ltr' id='par_1_1' title="bbox 585 451 1219 522">
     <span class='ocr_line' id='line_1_1' title="bbox 585 451 1219 522; baseline 0.003 -2"><span class='ocrx_word' id='word_1_1' title='bbox 585 470 816 521; x_wconf 76' lang='lat' dir='ltr'><strong>nunrunnns.</strong></span> <span class='ocrx_word' id='word_1_2' title='bbox 1174 451 1219 522; x_wconf 88' lang='lat'><strong>91</strong></span> 
     </span>
    </p>
   </div>
   <div class='ocr_carea' id='block_1_2' title="bbox 3 581 1231 2476">
    <p class='ocr_par' dir='ltr' id='par_1_2' title="bbox 3 581 1226 1362">
     <span class='ocr_line' id='line_1_2' title="bbox 3 581 1225 743; baseline 0.003 -23"><span class='ocrx_word' id='word_1_3' title='bbox 3 581 5 690; x_wconf 72' lang='lat' dir='ltr'><strong>l</strong></span> <span class='ocrx_word' id='word_1_4' title='bbox 227 647 261 743; x_wconf 85' lang='lat'><strong>§.</strong></span> <span class='ocrx_word' id='word_1_5' title='bbox 280 643 313 724; x_wconf 87' lang='grc'><strong>7.</strong></span> <span class='ocrx_word' id='word_1_6' title='bbox 342 643 596 720; x_wconf 81' lang='lat' dir='ltr'><strong>Renucrroms</strong></span> <span class='ocrx_word' id='word_1_7' title='bbox 620 645 816 719; x_wconf 88' lang='lat' dir='ltr'><strong>ostensivae</strong></span> <span class='ocrx_word' id='word_1_8' title='bbox 839 645 1007 722; x_wconf 83' lang='lat' dir='ltr'><strong>validitas</strong></span> <span class='ocrx_word' id='word_1_9' title='bbox 1027 619 1081 722; x_wconf 52' lang='lat' dir='ltr'><strong>sic&#39;</strong></span> <span class='ocrx_word' id='word_1_10' title='bbox 1103 655 1225 724; x_wconf 90' lang='lat' dir='ltr'><strong>osten-</strong></span> 
     </span>
     <span class='ocr_line' id='line_1_3' title="bbox 178 767 1223 867; baseline 0.003 -24"><span class='ocrx_word' id='word_1_11' title='bbox 178 768 284 844; x_wconf 86' lang='lat' dir='ltr'>ditur.</span> <span class='ocrx_word' id='word_1_12' title='bbox 337 769 397 842; x_wconf 85' lang='lat' dir='ltr'><strong>Ex</strong></span> <span class='ocrx_word' id='word_1_13' title='bbox 415 767 611 866; x_wconf 83' lang='lat' dir='ltr'><strong>praemissis</strong></span> <span class='ocrx_word' id='word_1_14' title='bbox 627 769 841 856; x_wconf 89' lang='lat' dir='ltr'><strong>reducendi,</strong></span> <span class='ocrx_word' id='word_1_15' title='bbox 858 794 925 867; x_wconf 91' lang='lat' dir='ltr'><strong>per</strong></span> <span class='ocrx_word' id='word_1_16' title='bbox 944 773 1223 846; x_wconf 86' lang='lat' dir='ltr'><strong>conversionem</strong></span> 
     </span>
     <span class='ocr_line' id='line_1_4' title="bbox 175 891 1225 991; baseline 0.002 -25"><span class='ocrx_word' id='word_1_17' title='bbox 175 893 404 990; x_wconf 86' lang='lat' dir='ltr'><strong>imperatam,</strong></span> <span class='ocrx_word' id='word_1_18' title='bbox 439 891 644 966; x_wconf 86' lang='lat' dir='ltr'><strong>necessario</strong></span> <span class='ocrx_word' id='word_1_19' title='bbox 679 891 906 988; x_wconf 84' lang='lat' dir='ltr'><strong>colliguntur</strong></span> <span class='ocrx_word' id='word_1_20' title='bbox 938 895 1139 991; x_wconf 88' lang='lat' dir='ltr'><strong>praemissae</strong></span> <span class='ocrx_word' id='word_1_21' title='bbox 1169 919 1225 968; x_wconf 89' lang='lat' dir='ltr'><strong>re-</strong></span> 
     </span>
     <span class='ocr_line' id='line_1_5' title="bbox 176 1013 1224 1115; baseline 0.002 -24"><span class='ocrx_word' id='word_1_22' title='bbox 176 1017 299 1091; x_wconf 88' lang='lat' dir='ltr'><strong>ducti:</strong></span> <span class='ocrx_word' id='word_1_23' title='bbox 326 1025 440 1115; x_wconf 89' lang='lat' dir='ltr'><strong>atque</strong></span> <span class='ocrx_word' id='word_1_24' title='bbox 458 1040 506 1090; x_wconf 86' lang='lat' dir='ltr'><strong>ex</strong></span> <span class='ocrx_word' id='word_1_25' title='bbox 523 1016 578 1103; x_wconf 92' lang='lat' dir='ltr'><strong>iis,</strong></span> <span class='ocrx_word' id='word_1_26' title='bbox 593 1013 662 1113; x_wconf 87' lang='lat' dir='ltr'><strong>per</strong></span> <span class='ocrx_word' id='word_1_27' title='bbox 679 1016 836 1113; x_wconf 86' lang='lat' dir='ltr'><strong>figuram</strong></span> <span class='ocrx_word' id='word_1_28' title='bbox 853 1018 1022 1115; x_wconf 80' lang='lat' dir='ltr'><strong>primam,</strong></span> <span class='ocrx_word' id='word_1_29' title='bbox 1035 1019 1224 1093; x_wconf 87' lang='lat' dir='ltr'><strong>conclusio</strong></span> 
     </span>
     <span class='ocr_line' id='line_1_6' title="bbox 175 1138 1226 1238; baseline 0.001 -24"><span class='ocrx_word' id='word_1_30' title='bbox 175 1140 341 1215; x_wconf 87' lang='lat' dir='ltr'><strong>reducti:</strong></span> <span class='ocrx_word' id='word_1_31' title='bbox 367 1165 453 1238; x_wconf 83' lang='lat' dir='ltr'><strong>quae</strong></span> <span class='ocrx_word' id='word_1_32' title='bbox 470 1140 529 1214; x_wconf 88' lang='lat' dir='ltr'><strong>vel</strong></span> <span class='ocrx_word' id='word_1_33' title='bbox 546 1138 626 1237; x_wconf 91' lang='lat' dir='ltr'><strong>ipsa</strong></span> <span class='ocrx_word' id='word_1_34' title='bbox 644 1139 833 1214; x_wconf 89' lang='lat' dir='ltr'><strong>c&#39;onclusio</strong></span> <span class='ocrx_word' id='word_1_35' title='bbox 849 1141 1051 1216; x_wconf 89' lang='lat' dir='ltr'><strong>reducendi</strong></span> <span class='ocrx_word' id='word_1_36' title='bbox 1069 1142 1151 1228; x_wconf 90' lang='lat' dir='ltr'><strong>erit,</strong></span> <span class='ocrx_word' id='word_1_37' title='bbox 1167 1142 1226 1215; x_wconf 88' lang='lat' dir='ltr'><strong>vel</strong></span> 
     </span>
     <span class='ocr_line' id='line_1_7' title="bbox 176 1263 830 1362; baseline -0.003 -24"><span class='ocrx_word' id='word_1_38' title='bbox 176 1289 243 1362; x_wconf 90' lang='lat' dir='ltr'><strong>per</strong></span> <span class='ocrx_word' id='word_1_39' title='bbox 259 1265 435 1339; x_wconf 80' lang='lat' dir='ltr'><strong>illativum</strong></span> <span class='ocrx_word' id='word_1_40' title='bbox 455 1263 733 1338; x_wconf 85' lang='lat' dir='ltr'><strong>conversionem</strong></span> <span class='ocrx_word' id='word_1_41' title='bbox 752 1263 830 1336; x_wconf 89' lang='lat' dir='ltr'><strong>fiet.</strong></span> 
     </span>
    </p>

    <p class='ocr_par' dir='ltr' id='par_1_3' title="bbox 177 1387 1229 2230">
     <span class='ocr_line' id='line_1_8' title="bbox 228 1387 1227 1486; baseline -0.001 -24"><span class='ocrx_word' id='word_1_42' title='bbox 228 1389 469 1463; x_wconf 87' lang='lat' dir='ltr'><strong>Reductionis</strong></span> <span class='ocrx_word' id='word_1_43' title='bbox 496 1413 563 1486; x_wconf 88' lang='lat' dir='ltr'><strong>per</strong></span> <span class='ocrx_word' id='word_1_44' title='bbox 587 1388 818 1486; x_wconf 85' lang='lat' dir='ltr'><strong>Impossibile</strong></span> <span class='ocrx_word' id='word_1_45' title='bbox 843 1387 1010 1462; x_wconf 85' lang='lat' dir='ltr'><strong>validitas</strong></span> <span class='ocrx_word' id='word_1_46' title='bbox 1031 1388 1082 1462; x_wconf 89' lang='lat' dir='ltr'><strong>sic</strong></span> <span class='ocrx_word' id='word_1_47' title='bbox 1106 1395 1227 1462; x_wconf 89' lang='lat' dir='ltr'><strong>osten-</strong></span> 
     </span>
     <span class='ocr_line' id='line_1_9' title="bbox 177 1510 1227 1610; baseline -0.001 -23"><span class='ocrx_word' id='word_1_48' title='bbox 177 1513 286 1587; x_wconf 87' lang='lat' dir='ltr'><strong>ditur.</strong></span> <span class='ocrx_word' id='word_1_49' title='bbox 338 1513 524 1595; x_wconf 87' lang='lat' dir='ltr'><strong>Quoniam</strong></span> <span class='ocrx_word' id='word_1_50' title='bbox 569 1511 768 1610; x_wconf 87' lang='lat' dir='ltr'><strong>praemissae</strong></span> <span class='ocrx_word' id='word_1_51' title='bbox 814 1535 862 1586; x_wconf 87' lang='lat' dir='ltr'><strong>ex</strong></span> <span class='ocrx_word' id='word_1_52' title='bbox 902 1510 1100 1610; x_wconf 89' lang='lat' dir='ltr'><strong>hypothesi</strong></span> <span class='ocrx_word' id='word_1_53' title='bbox 1141 1521 1227 1588; x_wconf 91' lang='lat' dir='ltr'><strong>sunt</strong></span> 
     </span>
     <span class='ocr_line' id='line_1_10' title="bbox 177 1636 1229 1734; baseline 0 -24"><span class='ocrx_word' id='word_1_54' title='bbox 177 1661 322 1734; x_wconf 88' lang='lat' dir='ltr'><strong>semper</strong></span> <span class='ocrx_word' id='word_1_55' title='bbox 347 1660 457 1723; x_wconf 86' lang='lat' dir='ltr'><strong>verae,</strong></span> <span class='ocrx_word' id='word_1_56' title='bbox 481 1658 569 1732; x_wconf 84' lang='lat' dir='ltr'><strong>ergo</strong></span> <span class='ocrx_word' id='word_1_57' title='bbox 596 1636 883 1711; x_wconf 86' lang='lat' dir='ltr'><strong>contradictoria</strong></span> <span class='ocrx_word' id='word_1_58' title='bbox 908 1637 1108 1734; x_wconf 86' lang='lat' dir='ltr'><strong>praemissae</strong></span> <span class='ocrx_word' id='word_1_59' title='bbox 1134 1661 1229 1712; x_wconf 90' lang='lat' dir='ltr'><strong>nun-</strong></span> 
     </span>
     <span class='ocr_line' id='line_1_11' title="bbox 177 1758 1229 1858; baseline 0 -23"><span class='ocrx_word' id='word_1_60' title='bbox 177 1783 289 1858; x_wconf 89' lang='lat' dir='ltr'><strong>quam</strong></span> <span class='ocrx_word' id='word_1_61' title='bbox 307 1784 416 1833; x_wconf 83' lang='lat' dir='ltr'><strong>vera:</strong></span> <span class='ocrx_word' id='word_1_62' title='bbox 444 1781 533 1855; x_wconf 84' lang='lat' dir='ltr'><strong>ergo</strong></span> <span class='ocrx_word' id='word_1_63' title='bbox 557 1758 841 1833; x_wconf 86' lang='lat' dir='ltr'><strong>contradictoria</strong></span> <span class='ocrx_word' id='word_1_64' title='bbox 864 1760 1110 1835; x_wconf 92' lang='lat' dir='ltr'><strong>conclusionis</strong></span> <span class='ocrx_word' id='word_1_65' title='bbox 1134 1786 1229 1837; x_wconf 92' lang='lat' dir='ltr'><strong>nun·</strong></span> 
     </span>
     <span class='ocr_line' id='line_1_12' title="bbox 178 1879 1229 1980; baseline 0.001 -22"><span class='ocrx_word' id='word_1_66' title='bbox 178 1907 290 1980; x_wconf 90' lang='lat' dir='ltr'><strong>quam</strong></span> <span class='ocrx_word' id='word_1_67' title='bbox 314 1879 444 1958; x_wconf 59' lang='lat' dir='ltr'><strong>veralr</strong></span> <span class='ocrx_word' id='word_1_68' title='bbox 484 1884 589 1979; x_wconf 87' lang='lat' dir='ltr'><strong>(nam</strong></span> <span class='ocrx_word' id='word_1_69' title='bbox 614 1883 681 1958; x_wconf 91' lang='lat' dir='ltr'><strong>has</strong></span> <span class='ocrx_word' id='word_1_70' title='bbox 706 1883 815 1957; x_wconf 91' lang='lat' dir='ltr'><strong>simul</strong></span> <span class='ocrx_word' id='word_1_71' title='bbox 840 1907 945 1958; x_wconf 85' lang='lat' dir='ltr'><strong>veras</strong></span> <span class='ocrx_word' id='word_1_72' title='bbox 971 1907 1050 1958; x_wconf 91' lang='lat' dir='ltr'><strong>esse</strong></span> <span class='ocrx_word' id='word_1_73' title='bbox 1077 1885 1229 1959; x_wconf 88' lang='lat' dir='ltr'><strong>demon-</strong></span> 
     </span>
     <span class='ocr_line' id='line_1_13' title="bbox 180 2005 1228 2102; baseline 0.004 -22"><span class='ocrx_word' id='word_1_74' title='bbox 180 2016 318 2081; x_wconf 89' lang='lat' dir='ltr'><strong>stratur</strong></span> <span class='ocrx_word' id='word_1_75' title='bbox 329 2007 368 2081; x_wconf 90' lang='lat' dir='ltr'><strong>in</strong></span> <span class='ocrx_word' id='word_1_76' title='bbox 381 2007 560 2102; x_wconf 86' lang='lat' dir='ltr'><strong>Barbara)</strong></span> <span class='ocrx_word' id='word_1_77' title='bbox 579 2028 668 2102; x_wconf 84' lang='lat' dir='ltr'><strong>ergo</strong></span> <span class='ocrx_word' id='word_1_78' title='bbox 682 2005 966 2082; x_wconf 88' lang='lat' dir='ltr'><strong>contradictoria</strong></span> <span class='ocrx_word' id='word_1_79' title='bbox 983 2009 1228 2084; x_wconf 92' lang='lat' dir='ltr'><strong>conclusionis</strong></span> 
     </span>
     <span class='ocr_line' id='line_1_14' title="bbox 181 2129 1149 2230; baseline 0.002 -26"><span class='ocrx_word' id='word_1_80' title='bbox 181 2154 325 2228; x_wconf 88' lang='lat' dir='ltr'><strong>semper</strong></span> <span class='ocrx_word' id='word_1_81' title='bbox 341 2129 453 2204; x_wconf 88' lang='lat' dir='ltr'><strong>falsa:</strong></span> <span class='ocrx_word' id='word_1_82' title='bbox 480 2153 568 2227; x_wconf 84' lang='lat' dir='ltr'><strong>ergo</strong></span> <span class='ocrx_word' id='word_1_83' title='bbox 586 2130 776 2205; x_wconf 88' lang='lat' dir='ltr'><strong>conclusio</strong></span> <span class='ocrx_word' id='word_1_84' title='bbox 793 2131 874 2229; x_wconf 87' lang='lat' dir='ltr'><strong>ipsa</strong></span> <span class='ocrx_word' id='word_1_85' title='bbox 889 2155 1034 2230; x_wconf 87' lang='lat' dir='ltr'><strong>semper</strong></span> <span class='ocrx_word' id='word_1_86' title='bbox 1050 2155 1149 2207; x_wconf 89' lang='lat' dir='ltr'><strong>vera.</strong></span> 
     </span>
    </p>

    <p class='ocr_par' dir='ltr' id='par_1_4' title="bbox 182 2253 1231 2476">
     <span class='ocr_line' id='line_1_15' title="bbox 233 2253 1229 2352; baseline 0 -25"><span class='ocrx_word' id='word_1_87' title='bbox 233 2253 456 2352; x_wconf 89' lang='lat' dir='ltr'><strong>[Reducitur</strong></span> <span class='ocrx_word' id='word_1_88' title='bbox 497 2253 608 2326; x_wconf 86' lang='lat' dir='ltr'><strong>etiam</strong></span> <span class='ocrx_word' id='word_1_89' title='bbox 652 2253 804 2350; x_wconf 89' lang='lat' dir='ltr'><strong>quilibet</strong></span> <span class='ocrx_word' id='word_1_90' title='bbox 844 2254 978 2328; x_wconf 92' lang='lat' dir='ltr'><strong>modus</strong></span> <span class='ocrx_word' id='word_1_91' title='bbox 1019 2255 1229 2341; x_wconf 91' lang='lat' dir='ltr'><strong>innominis,</strong></span> 
     </span>
     <span class='ocr_line' id='line_1_16' title="bbox 182 2377 1231 2476; baseline 0 -24"><span class='ocrx_word' id='word_1_92' title='bbox 182 2378 280 2452; x_wconf 84' lang='lat' dir='ltr'><strong>facto</strong></span> <span class='ocrx_word' id='word_1_93' title='bbox 304 2378 404 2476; x_wconf 94' lang='lat' dir='ltr'><strong>quod</strong></span> <span class='ocrx_word' id='word_1_94' title='bbox 432 2377 655 2476; x_wconf 88' lang='lat' dir='ltr'><strong>praecipitur,</strong></span> <span class='ocrx_word' id='word_1_95' title='bbox 672 2378 718 2451; x_wconf 91' lang='lat' dir='ltr'><strong>ad</strong></span> <span class='ocrx_word' id='word_1_96' title='bbox 744 2378 950 2474; x_wconf 83' lang='lat' dir='ltr'><strong>praemissas</strong></span> <span class='ocrx_word' id='word_1_97' title='bbox 975 2379 1030 2452; x_wconf 89' lang='lat' dir='ltr'><strong>sui</strong></span> <span class='ocrx_word' id='word_1_98' title='bbox 1052 2379 1231 2452; x_wconf 86' lang='lat' dir='ltr'><strong>subalter-</strong></span> 
     </span>
    </p>
   </div>
   <div class='ocr_carea' id='block_1_3' title="bbox 182 2501 1231 2851">
    <p class='ocr_par' dir='ltr' id='par_1_5' title="bbox 182 2501 1231 2851">
     <span class='ocr_line' id='line_1_17' title="bbox 183 2501 1227 2600; baseline 0.002 -24"><span class='ocrx_word' id='word_1_99' title='bbox 183 2503 315 2579; x_wconf 81' lang='lat' dir='ltr'><strong>nantis</strong></span> <span class='ocrx_word' id='word_1_100' title='bbox 368 2503 464 2576; x_wconf 90' lang='lat' dir='ltr'><strong>Tum</strong></span> <span class='ocrx_word' id='word_1_101' title='bbox 500 2526 588 2575; x_wconf 88' lang='lat' dir='ltr'><strong>vero</strong></span> <span class='ocrx_word' id='word_1_102' title='bbox 619 2501 822 2588; x_wconf 89' lang='lat' dir='ltr'><strong>conclusio,</strong></span> <span class='ocrx_word' id='word_1_103' title='bbox 854 2525 938 2598; x_wconf 88' lang='lat' dir='ltr'><strong>quae</strong></span> <span class='ocrx_word' id='word_1_104' title='bbox 971 2502 1162 2600; x_wconf 85' lang='lat' dir='ltr'><strong>colligetur</strong></span> <span class='ocrx_word' id='word_1_105' title='bbox 1190 2503 1227 2578; x_wconf 92' lang='lat' dir='ltr'><strong>in</strong></span> 
     </span>
     <span class='ocr_line' id='line_1_18' title="bbox 182 2623 1231 2726; baseline -0.001 -24"><span class='ocrx_word' id='word_1_106' title='bbox 182 2629 311 2726; x_wconf 85' lang='lat' dir='ltr'><strong>prima,</strong></span> <span class='ocrx_word' id='word_1_107' title='bbox 329 2627 399 2700; x_wconf 90' lang='lat' dir='ltr'><strong>erit</strong></span> <span class='ocrx_word' id='word_1_108' title='bbox 417 2626 474 2700; x_wconf 90' lang='lat' dir='ltr'><strong>vel</strong></span> <span class='ocrx_word' id='word_1_109' title='bbox 492 2625 671 2723; x_wconf 84' lang='lat' dir='ltr'><strong>expositae</strong></span> <span class='ocrx_word' id='word_1_110' title='bbox 689 2623 958 2714; x_wconf 89' lang='lat' dir='ltr'><strong>subalternans,</strong></span> <span class='ocrx_word' id='word_1_111' title='bbox 975 2625 1034 2700; x_wconf 89' lang='lat' dir='ltr'><strong>vel</strong></span> <span class='ocrx_word' id='word_1_112' title='bbox 1057 2625 1094 2700; x_wconf 92' lang='lat' dir='ltr'><strong>in</strong></span> <span class='ocrx_word' id='word_1_113' title='bbox 1116 2650 1231 2725; x_wconf 86' lang='lat' dir='ltr'><strong>expo-</strong></span> 
     </span>
     <span class='ocr_line' id='line_1_19' title="bbox 183 2748 826 2851; baseline -0.002 -26"><span class='ocrx_word' id='word_1_114' title='bbox 183 2753 288 2826; x_wconf 87' lang='lat' dir='ltr'><strong>sitam</strong></span> <span class='ocrx_word' id='word_1_115' title='bbox 308 2777 373 2851; x_wconf 89' lang='lat' dir='ltr'><strong>per</strong></span> <span class='ocrx_word' id='word_1_116' title='bbox 390 2748 560 2824; x_wconf 90' lang='lat' dir='ltr'><strong>accidens</strong></span> <span class='ocrx_word' id='word_1_117' title='bbox 578 2758 826 2824; x_wconf 89' lang='lat' dir='ltr'><strong>convertetur.</strong></span> 
     </span>
    </p>
   </div>
   <div class='ocr_carea' id='block_1_4' title="bbox 146 2871 1375 3015">
    <p class='ocr_par' dir='ltr' id='par_1_6' title="bbox 146 2871 1375 3015">
     <span class='ocr_line' id='line_1_20' title="bbox 146 2871 1375 3015; baseline -0.001 -65"><span class='ocrx_word' id='word_1_118' title='bbox 146 2883 152 2896; x_wconf 83' lang='grc'><strong>’</strong></span> <span class='ocrx_word' id='word_1_119' title='bbox 234 2871 499 2950; x_wconf 84' lang='lat' dir='ltr'><strong>Reductionesi</strong></span> <span class='ocrx_word' id='word_1_120' title='bbox 542 2876 646 2970; x_wconf 91' lang='lat' dir='ltr'><strong>(cum</strong></span> <span class='ocrx_word' id='word_1_121' title='bbox 688 2875 817 2972; x_wconf 87' lang='lat' dir='ltr'><strong>primae</strong></span> <span class='ocrx_word' id='word_1_122' title='bbox 857 2872 904 2948; x_wconf 86' lang='lat' dir='ltr'><strong>ad</strong></span> <span class='ocrx_word' id='word_1_123' title='bbox 943 2873 1114 2972; x_wconf 88' lang='lat' dir='ltr'><strong>reliquas,</strong></span> <span class='ocrx_word' id='word_1_124' title='bbox 1148 2887 1227 2951; x_wconf 91' lang='lat' dir='ltr'><strong>tum</strong></span> <span class='ocrx_word' id='word_1_125' title='bbox 1236 2902 1340 3015; x_wconf 46' lang='grc' dir='ltr'><strong>Η.</strong></span> <span class='ocrx_word' id='word_1_126' title='bbox 1351 2903 1375 2950; x_wconf 93' lang='lat'><strong>1.</strong></span> 
     </span>
    </p>
   </div>
   <div class='ocr_carea' id='block_1_5' title="bbox 182 3099 1232 4339">
    <p class='ocr_par' dir='ltr' id='par_1_7' title="bbox 182 3099 1231 3375">
     <span class='ocr_line' id='line_1_21' title="bbox 183 3099 1231 3180; baseline 0.003 -20"><span class='ocrx_word' id='word_1_127' title='bbox 183 3102 262 3161; x_wconf 82' lang='lat' dir='ltr'><strong>This</strong></span> <span class='ocrx_word' id='word_1_128' title='bbox 283 3101 344 3161; x_wconf 87' lang='lat' dir='ltr'><strong>had</strong></span> <span class='ocrx_word' id='word_1_129' title='bbox 366 3102 446 3160; x_wconf 89' lang='lat' dir='ltr'><strong>been</strong></span> <span class='ocrx_word' id='word_1_130' title='bbox 468 3100 549 3162; x_wconf 91' lang='lat' dir='ltr'><strong>done</strong></span> <span class='ocrx_word' id='word_1_131' title='bbox 572 3099 692 3168; x_wconf 80' lang='lat' dir='ltr'><strong>before;</strong></span> <span class='ocrx_word' id='word_1_132' title='bbox 713 3101 812 3178; x_wconf 82' lang='lat' dir='ltr'><strong>partly</strong></span> <span class='ocrx_word' id='word_1_133' title='bbox 831 3102 871 3179; x_wconf 92' lang='lat' dir='ltr'><strong>by</strong></span> <span class='ocrx_word' id='word_1_134' title='bbox 888 3102 983 3180; x_wconf 76' lang='lat' dir='ltr'><strong>dung,</strong></span> <span class='ocrx_word' id='word_1_135' title='bbox 1003 3103 1036 3161; x_wconf 91' lang='lat' dir='ltr'><strong>in</strong></span> <span class='ocrx_word' id='word_1_136' title='bbox 1055 3104 1108 3162; x_wconf 87' lang='lat' dir='ltr'><strong>the</strong></span> <span class='ocrx_word' id='word_1_137' title='bbox 1122 3103 1231 3180; x_wconf 73' lang='lat' dir='ltr'><strong>[opica</strong></span> 
     </span>
     <span class='ocr_line' id='line_1_22' title="bbox 182 3197 1231 3277; baseline 0 -19"><span class='ocrx_word' id='word_1_138' title='bbox 182 3199 414 3274; x_wconf 74' lang='lat' dir='ltr'><strong>Homburyensin</strong></span> <span class='ocrx_word' id='word_1_139' title='bbox 429 3198 466 3256; x_wconf 91' lang='lat' dir='ltr'><strong>B.</strong></span> <span class='ocrx_word' id='word_1_140' title='bbox 482 3197 542 3256; x_wconf 89' lang='grc' dir='ltr'><strong>ΙΙΙ.</strong></span> <span class='ocrx_word' id='word_1_141' title='bbox 557 3197 604 3256; x_wconf 90' lang='lat' dir='ltr'><strong>ch.</strong></span> <span class='ocrx_word' id='word_1_142' title='bbox 622 3199 668 3255; x_wconf 78' lang='lat'><strong>12.</strong></span> <span class='ocrx_word' id='word_1_143' title='bbox 685 3200 713 3277; x_wconf 56' lang='grc' dir='ltr'><strong>ᾖ.</strong></span> <span class='ocrx_word' id='word_1_144' title='bbox 731 3201 776 3258; x_wconf 81' lang='lat' dir='ltr'><strong>lb.</strong></span> <span class='ocrx_word' id='word_1_145' title='bbox 790 3197 851 3256; x_wconf 87' lang='lat' dir='ltr'><strong>end</strong></span> <span class='ocrx_word' id='word_1_146' title='bbox 864 3199 963 3276; x_wconf 83' lang='lat' dir='ltr'><strong>partly</strong></span> <span class='ocrx_word' id='word_1_147' title='bbox 977 3198 1016 3276; x_wconf 90' lang='lat' dir='ltr'><strong>by</strong></span> <span class='ocrx_word' id='word_1_148' title='bbox 1028 3198 1117 3268; x_wconf 84' lang='lat' dir='ltr'><strong>Woll&#39;,</strong></span> <span class='ocrx_word' id='word_1_149' title='bbox 1132 3201 1231 3259; x_wconf 54' lang='lat' dir='ltr'><strong>Plus</strong></span> 
     </span>
     <span class='ocr_line' id='line_1_23' title="bbox 182 3297 732 3375; baseline -0.007 -20"><span class='ocrx_word' id='word_1_150' title='bbox 182 3298 281 3372; x_wconf 72' lang='lat' dir='ltr'><strong>rophia</strong></span> <span class='ocrx_word' id='word_1_151' title='bbox 295 3297 469 3362; x_wconf 79' lang='lat' dir='ltr'><strong>Rationalis,</strong></span> <span class='ocrx_word' id='word_1_152' title='bbox 486 3298 513 3375; x_wconf 56' lang='grc' dir='ltr'><strong>ᾖ.</strong></span> <span class='ocrx_word' id='word_1_153' title='bbox 529 3297 597 3354; x_wconf 78' lang='grc'><strong>384.</strong></span> <span class='ocrx_word' id='word_1_154' title='bbox 728 3323 732 3328; x_wconf 97' lang='grc'>-</span> 
     </span>
    </p>

    <p class='ocr_par' dir='ltr' id='par_1_8' title="bbox 182 3389 1232 4029">
     <span class='ocr_line' id='line_1_24' title="bbox 223 3389 1230 3452; baseline 0.001 -1"><span class='ocrx_word' id='word_1_155' title='bbox 223 3393 236 3427; x_wconf 76' lang='lat'><strong>¹⁵</strong></span> <span class='ocrx_word' id='word_1_156' title='bbox 259 3393 348 3451; x_wconf 87' lang='lat' dir='ltr'><strong>Since</strong></span> <span class='ocrx_word' id='word_1_157' title='bbox 363 3389 469 3450; x_wconf 81' lang='lat' dir='ltr'><strong>nieles</strong></span> <span class='ocrx_word' id='word_1_158' title='bbox 483 3390 661 3449; x_wconf 83' lang='lat' dir='ltr'><strong>conclusion</strong></span> <span class='ocrx_word' id='word_1_159' title='bbox 676 3398 789 3449; x_wconf 89' lang='lat' dir='ltr'><strong>cannot</strong></span> <span class='ocrx_word' id='word_1_160' title='bbox 802 3391 839 3448; x_wconf 91' lang='lat' dir='ltr'><strong>be</strong></span> <span class='ocrx_word' id='word_1_161' title='bbox 854 3389 955 3449; x_wconf 82' lang='lat' dir='ltr'><strong>drawn</strong></span> <span class='ocrx_word' id='word_1_162' title='bbox 970 3391 1098 3451; x_wconf 87' lang='lat' dir='ltr'><strong>without</strong></span> <span class='ocrx_word' id='word_1_163' title='bbox 1111 3401 1142 3450; x_wconf 89' lang='lat' dir='ltr'><strong>at</strong></span> <span class='ocrx_word' id='word_1_164' title='bbox 1152 3393 1230 3452; x_wconf 83' lang='lat' dir='ltr'><strong>least</strong></span> 
     </span>
     <span class='ocr_line' id='line_1_25' title="bbox 184 3485 1229 3564; baseline 0.001 -17"><span class='ocrx_word' id='word_1_165' title='bbox 184 3507 242 3547; x_wconf 93' lang='lat' dir='ltr'><strong>one</strong></span> <span class='ocrx_word' id='word_1_166' title='bbox 265 3488 340 3547; x_wconf 86' lang='lat' dir='ltr'><strong>salse</strong></span> <span class='ocrx_word' id='word_1_167' title='bbox 362 3487 504 3564; x_wconf 85' lang='lat' dir='ltr'><strong>promise,</strong></span> <span class='ocrx_word' id='word_1_168' title='bbox 520 3505 571 3545; x_wconf 90' lang='lat' dir='ltr'><strong>see</strong></span> <span class='ocrx_word' id='word_1_169' title='bbox 590 3487 647 3545; x_wconf 88' lang='lat' dir='ltr'><strong>An.</strong></span> <span class='ocrx_word' id='word_1_170' title='bbox 668 3486 717 3545; x_wconf 89' lang='lat' dir='ltr'><strong>Pr.</strong></span> <span class='ocrx_word' id='word_1_171' title='bbox 732 3487 762 3545; x_wconf 90' lang='lat' dir='ltr'><strong>ii.</strong></span> <span class='ocrx_word' id='word_1_172' title='bbox 778 3491 805 3546; x_wconf 77' lang='lat'><strong>2.</strong></span> <span class='ocrx_word' id='word_1_173' title='bbox 824 3492 849 3545; x_wconf 93' lang='lat' dir='ltr'><strong>l.</strong></span> <span class='ocrx_word' id='word_1_174' title='bbox 891 3485 954 3544; x_wconf 91' lang='lat' dir='ltr'><strong>But</strong></span> <span class='ocrx_word' id='word_1_175' title='bbox 975 3487 1007 3543; x_wconf 92' lang='lat' dir='ltr'><strong>in</strong></span> <span class='ocrx_word' id='word_1_176' title='bbox 1030 3487 1082 3545; x_wconf 90' lang='lat' dir='ltr'><strong>the</strong></span> <span class='ocrx_word' id='word_1_177' title='bbox 1103 3497 1229 3562; x_wconf 85' lang='lat' dir='ltr'><strong>present</strong></span> 
     </span>
     <span class='ocr_line' id='line_1_26' title="bbox 184 3583 1232 3662; baseline 0.002 -18"><span class='ocrx_word' id='word_1_178' title='bbox 184 3587 350 3662; x_wconf 80' lang='lat' dir='ltr'><strong>syllogism,</strong></span> <span class='ocrx_word' id='word_1_179' title='bbox 365 3603 425 3644; x_wconf 90' lang='lat' dir='ltr'><strong>one</strong></span> <span class='ocrx_word' id='word_1_180' title='bbox 446 3585 578 3660; x_wconf 82' lang='lat' dir='ltr'><strong>promise</strong></span> <span class='ocrx_word' id='word_1_181' title='bbox 600 3584 626 3642; x_wconf 87' lang='lat' dir='ltr'><strong>is</strong></span> <span class='ocrx_word' id='word_1_182' title='bbox 648 3585 736 3662; x_wconf 83' lang='lat' dir='ltr'><strong>given</strong></span> <span class='ocrx_word' id='word_1_183' title='bbox 757 3592 834 3652; x_wconf 87' lang='lat' dir='ltr'><strong>true,</strong></span> <span class='ocrx_word' id='word_1_184' title='bbox 849 3585 942 3661; x_wconf 78' lang='lat' dir='ltr'><strong>being</strong></span> <span class='ocrx_word' id='word_1_185' title='bbox 961 3601 1020 3642; x_wconf 89' lang='lat' dir='ltr'><strong>one</strong></span> <span class='ocrx_word' id='word_1_186' title='bbox 1039 3583 1074 3643; x_wconf 86' lang='lat' dir='ltr'><strong>ol&#39;</strong></span> <span class='ocrx_word' id='word_1_187' title='bbox 1091 3585 1232 3646; x_wconf 82' lang='lat' dir='ltr'><strong>theseos</strong></span> 
     </span>
     <span class='ocr_line' id='line_1_27' title="bbox 184 3677 1229 3757; baseline 0.002 -18"><span class='ocrx_word' id='word_1_188' title='bbox 184 3681 236 3740; x_wconf 88' lang='lat' dir='ltr'><strong>the</strong></span> <span class='ocrx_word' id='word_1_189' title='bbox 251 3681 380 3757; x_wconf 84' lang='lat' dir='ltr'><strong>original</strong></span> <span class='ocrx_word' id='word_1_190' title='bbox 397 3679 571 3756; x_wconf 79' lang='lat' dir='ltr'><strong>syllogism;</strong></span> <span class='ocrx_word' id='word_1_191' title='bbox 594 3679 646 3737; x_wconf 89' lang='lat' dir='ltr'><strong>the</strong></span> <span class='ocrx_word' id='word_1_192' title='bbox 666 3679 761 3748; x_wconf 86' lang='lat' dir='ltr'><strong>other,</strong></span> <span class='ocrx_word' id='word_1_193' title='bbox 777 3677 936 3748; x_wconf 79' lang='lat' dir='ltr'><strong>therefore,</strong></span> <span class='ocrx_word' id='word_1_194' title='bbox 951 3680 977 3738; x_wconf 93' lang='lat' dir='ltr'><strong>is</strong></span> <span class='ocrx_word' id='word_1_195' title='bbox 991 3678 1074 3748; x_wconf 78' lang='lat' dir='ltr'><strong>false,</strong></span> <span class='ocrx_word' id='word_1_196' title='bbox 1090 3681 1188 3740; x_wconf 87' lang='lat' dir='ltr'><strong>which</strong></span> <span class='ocrx_word' id='word_1_197' title='bbox 1202 3681 1229 3741; x_wconf 90' lang='lat' dir='ltr'><strong>is</strong></span> 
     </span>
     <span class='ocr_line' id='line_1_28' title="bbox 183 3774 1230 3856; baseline 0.002 -20"><span class='ocrx_word' id='word_1_198' title='bbox 183 3781 236 3836; x_wconf 91' lang='lat' dir='ltr'><strong>the</strong></span> <span class='ocrx_word' id='word_1_199' title='bbox 251 3777 472 3852; x_wconf 85' lang='lat' dir='ltr'><strong>contradictory</strong></span> <span class='ocrx_word' id='word_1_200' title='bbox 487 3774 522 3834; x_wconf 84' lang='lat' dir='ltr'><strong>ol</strong></span> <span class='ocrx_word' id='word_1_201' title='bbox 539 3776 591 3834; x_wconf 88' lang='lat' dir='ltr'><strong>the</strong></span> <span class='ocrx_word' id='word_1_202' title='bbox 611 3776 741 3853; x_wconf 80' lang='lat' dir='ltr'><strong>original</strong></span> <span class='ocrx_word' id='word_1_203' title='bbox 760 3776 947 3836; x_wconf 90' lang='lat' dir='ltr'><strong>conclusion.</strong></span> <span class='ocrx_word' id='word_1_204' title='bbox 988 3777 1056 3836; x_wconf 88' lang='lat' dir='ltr'><strong>The</strong></span> <span class='ocrx_word' id='word_1_205' title='bbox 1073 3778 1230 3856; x_wconf 77' lang='lat' dir='ltr'><strong>syllogism</strong></span> 
     </span>
     <span class='ocr_line' id='line_1_29' title="bbox 183 3871 1230 3951; baseline 0.003 -20"><span class='ocrx_word' id='word_1_206' title='bbox 183 3875 222 3931; x_wconf 85' lang='lat' dir='ltr'><strong>ad</strong></span> <span class='ocrx_word' id='word_1_207' title='bbox 236 3874 401 3948; x_wconf 74' lang='lat' dir='ltr'><strong>impossibile</strong></span> <span class='ocrx_word' id='word_1_208' title='bbox 415 3872 475 3930; x_wconf 84' lang='lat' dir='ltr'><strong>will</strong></span> <span class='ocrx_word' id='word_1_209' title='bbox 489 3880 545 3930; x_wconf 91' lang='lat' dir='ltr'><strong>not</strong></span> <span class='ocrx_word' id='word_1_210' title='bbox 559 3871 668 3950; x_wconf 84' lang='lat' dir='ltr'><strong>always</strong></span> <span class='ocrx_word' id='word_1_211' title='bbox 687 3872 724 3930; x_wconf 90' lang='lat' dir='ltr'><strong>be</strong></span> <span class='ocrx_word' id='word_1_212' title='bbox 745 3873 778 3930; x_wconf 90' lang='lat' dir='ltr'><strong>in</strong></span> <span class='ocrx_word' id='word_1_213' title='bbox 797 3871 948 3940; x_wconf 87' lang='lat' dir='ltr'><strong>Barbare;</strong></span> <span class='ocrx_word' id='word_1_214' title='bbox 971 3872 1088 3951; x_wconf 81' lang='lat' dir='ltr'><strong>though</strong></span> <span class='ocrx_word' id='word_1_215' title='bbox 1107 3875 1132 3932; x_wconf 90' lang='lat' dir='ltr'><strong>it</strong></span> <span class='ocrx_word' id='word_1_216' title='bbox 1149 3876 1177 3934; x_wconf 91' lang='lat' dir='ltr'><strong>is</strong></span> <span class='ocrx_word' id='word_1_217' title='bbox 1196 3895 1230 3936; x_wconf 93' lang='lat' dir='ltr'><strong>so</strong></span> 
     </span>
     <span class='ocr_line' id='line_1_30' title="bbox 182 3967 874 4029; baseline -0.003 0"><span class='ocrx_word' id='word_1_218' title='bbox 182 3971 215 4029; x_wconf 88' lang='lat' dir='ltr'><strong>in</strong></span> <span class='ocrx_word' id='word_1_219' title='bbox 230 3971 282 4029; x_wconf 89' lang='lat' dir='ltr'><strong>the</strong></span> <span class='ocrx_word' id='word_1_220' title='bbox 296 3970 456 4029; x_wconf 77' lang='lat' dir='ltr'><strong>seduction</strong></span> <span class='ocrx_word' id='word_1_221' title='bbox 470 3967 505 4027; x_wconf 82' lang='lat' dir='ltr'><strong>oi</strong></span> <span class='ocrx_word' id='word_1_222' title='bbox 514 3967 635 4027; x_wconf 85' lang='lat' dir='ltr'><strong>Baroho</strong></span> <span class='ocrx_word' id='word_1_223' title='bbox 649 3969 709 4028; x_wconf 86' lang='lat' dir='ltr'><strong>and</strong></span> <span class='ocrx_word' id='word_1_224' title='bbox 724 3969 874 4028; x_wconf 83' lang='lat' dir='ltr'><strong>Bokerdo.</strong></span> 
     </span>
    </p>

    <p class='ocr_par' dir='ltr' id='par_1_9' title="bbox 184 4065 1232 4339">
     <span class='ocr_line' id='line_1_31' title="bbox 224 4065 1231 4145; baseline 0.002 -19"><span class='ocrx_word' id='word_1_225' title='bbox 224 4069 231 4108; x_wconf 88' lang='lat'><strong>¹</strong></span> <span class='ocrx_word' id='word_1_226' title='bbox 253 4067 297 4126; x_wconf 82' lang='lat' dir='ltr'><strong>Ol</strong></span> <span class='ocrx_word' id='word_1_227' title='bbox 315 4067 403 4126; x_wconf 86' lang='lat' dir='ltr'><strong>these</strong></span> <span class='ocrx_word' id='word_1_228' title='bbox 422 4065 607 4134; x_wconf 84' lang='lat' dir='ltr'><strong>reductione,</strong></span> <span class='ocrx_word' id='word_1_229' title='bbox 622 4067 647 4124; x_wconf 91' lang='lat' dir='ltr'><strong>it</strong></span> <span class='ocrx_word' id='word_1_230' title='bbox 665 4065 744 4126; x_wconf 87' lang='lat' dir='ltr'><strong>need</strong></span> <span class='ocrx_word' id='word_1_231' title='bbox 763 4066 835 4143; x_wconf 89' lang='lat' dir='ltr'><strong>only</strong></span> <span class='ocrx_word' id='word_1_232' title='bbox 849 4066 887 4126; x_wconf 91' lang='lat' dir='ltr'><strong>be</strong></span> <span class='ocrx_word' id='word_1_233' title='bbox 906 4066 1063 4134; x_wconf 85' lang='lat' dir='ltr'><strong>observed,</strong></span> <span class='ocrx_word' id='word_1_234' title='bbox 1078 4069 1144 4128; x_wconf 88' lang='lat' dir='ltr'><strong>thet</strong></span> <span class='ocrx_word' id='word_1_235' title='bbox 1160 4069 1231 4145; x_wconf 89' lang='lat' dir='ltr'><strong>they</strong></span> 
     </span>
     <span class='ocr_line' id='line_1_32' title="bbox 184 4162 1231 4240; baseline 0.001 -18"><span class='ocrx_word' id='word_1_236' title='bbox 184 4183 235 4224; x_wconf 87' lang='lat' dir='ltr'><strong>are</strong></span> <span class='ocrx_word' id='word_1_237' title='bbox 250 4164 321 4240; x_wconf 92' lang='lat' dir='ltr'><strong>only</strong></span> <span class='ocrx_word' id='word_1_238' title='bbox 336 4162 471 4240; x_wconf 90' lang='lat' dir='ltr'><strong>possible</strong></span> <span class='ocrx_word' id='word_1_239' title='bbox 486 4162 585 4220; x_wconf 84' lang='lat' dir='ltr'><strong>where</strong></span> <span class='ocrx_word' id='word_1_240' title='bbox 605 4163 656 4221; x_wconf 91' lang='lat' dir='ltr'><strong>the</strong></span> <span class='ocrx_word' id='word_1_241' title='bbox 677 4181 761 4222; x_wconf 90' lang='lat' dir='ltr'><strong>seme</strong></span> <span class='ocrx_word' id='word_1_242' title='bbox 783 4162 921 4238; x_wconf 90' lang='lat' dir='ltr'><strong>problem</strong></span> <span class='ocrx_word' id='word_1_243' title='bbox 936 4181 993 4222; x_wconf 88' lang='lat' dir='ltr'><strong>cen</strong></span> <span class='ocrx_word' id='word_1_244' title='bbox 1012 4163 1050 4222; x_wconf 89' lang='lat' dir='ltr'><strong>be</strong></span> <span class='ocrx_word' id='word_1_245' title='bbox 1073 4163 1185 4240; x_wconf 86' lang='lat' dir='ltr'><strong>proved</strong></span> <span class='ocrx_word' id='word_1_246' title='bbox 1199 4165 1231 4223; x_wconf 92' lang='lat' dir='ltr'><strong>in</strong></span> 
     </span>
     <span class='ocr_line' id='line_1_33' title="bbox 184 4258 1232 4339; baseline -0.001 -19"><span class='ocrx_word' id='word_1_247' title='bbox 184 4261 260 4320; x_wconf 92' lang='lat' dir='ltr'><strong>both</strong></span> <span class='ocrx_word' id='word_1_248' title='bbox 273 4261 403 4339; x_wconf 61' lang='lat' dir='ltr'><strong>figurem</strong></span> <span class='ocrx_word' id='word_1_249' title='bbox 426 4261 523 4319; x_wconf 88' lang='lat' dir='ltr'><strong>hence</strong></span> <span class='ocrx_word' id='word_1_250' title='bbox 541 4259 611 4336; x_wconf 92' lang='lat' dir='ltr'><strong>only</strong></span> <span class='ocrx_word' id='word_1_251' title='bbox 631 4261 769 4338; x_wconf 79' lang='lat' dir='ltr'><strong>negativa</strong></span> <span class='ocrx_word' id='word_1_252' title='bbox 789 4258 963 4335; x_wconf 83' lang='lat' dir='ltr'><strong>syllogisms</strong></span> <span class='ocrx_word' id='word_1_253' title='bbox 978 4277 1033 4318; x_wconf 87' lang='lat' dir='ltr'><strong>can</strong></span> <span class='ocrx_word' id='word_1_254' title='bbox 1047 4260 1086 4318; x_wconf 91' lang='lat' dir='ltr'><strong>be</strong></span> <span class='ocrx_word' id='word_1_255' title='bbox 1101 4259 1232 4319; x_wconf 89' lang='lat' dir='ltr'><strong>reduced</strong></span> 
     </span>
    </p>
   </div>
   <div class='ocr_carea' id='block_1_6' title="bbox 0 0 1580 4976">
    <p class='ocr_par' dir='ltr' id='par_1_10' title="bbox 0 0 1580 4976">
     <span class='ocr_line' id='line_1_34' title="bbox 0 0 1580 4976; baseline 0 0"><span class='ocrx_word' id='word_1_256' title='bbox 0 0 1580 4976; x_wconf 95' lang='lat' dir='ltr'><strong> </strong></span> 
     </span>
    </p>
   </div>
  </div>
 </body>
</html>
