3128 4976
577 473 805 525 numerasse.
1169 453 1213 524 31

169 643 381 740 subjicitur:
410 647 537 722 Genus
561 647 617 724 vel
641 649 788 748 Species
811 647 1052 738 subalternal,
1070 674 1157 748 quae
1181 658 1378 774 etggas-ws

169 778 329 864 cognato
357 771 492 844 Generi
526 770 728 870 subjicitur,
754 784 792 847 et
821 773 867 846 de
899 784 1059 870 cognata
1089 773 1219 872 Specie
1262 759 1268 774 ⁸

167 891 401 988 praedicatur.
452 893 555 969 Voco
573 904 698 971 autem
721 897 900 996 Cognata,
918 922 1003 995 quae
1022 921 1070 971 ex
1090 896 1218 970 iisdem

170 1015 372 1092 Individuis
401 1028 580 1117 perpetua
608 1021 856 1097 abstractione
887 1021 1135 1119 colliguntur;
1177 1030 1219 1095 ut

168 1140 303 1229 Homo,
330 1142 489 1234 Animal,
524 1147 661 1233 erns,
692 1148 841 1246 Corpus,
869 1148 1078 1222 Substantia
1088 1177 1102 1222 .·
1132 1172 1218 1244 quae

167 1285 216 1335 ex
241 1264 401 1354 Socrate,
419 1267 571 1342 Platone
595 1271 657 1343 dcc.
677 1271 889 1369 expurgatis
915 1273 1090 1346 continue
1116 1273 1219 1358 diffe-

168 1389 295 1461 rentiis
312 1391 492 1465 oriuntur.

221 1511 350 1609 [Hanc
376 1492 510 1589 ¹seriem
536 1517 588 1590 ita
613 1517 752 1616 placuit
781 1517 937 1592 describi
968 1528 1010 1592 ut
1039 1519 1219 1615 quodam-

168 1635 280 1710 modo
306 1637 457 1712 referret
483 1641 674 1716 arborem:
713 1643 843 1717 saltem
878 1669 900 1716 a
928 1643 1135 1741 Porphyrio
1166 1644 1216 1717 sic

168 1758 354 1858 descripta
396 1761 655 1862 Porphyrium
699 1767 868 1842 Arboris⁶
914 1791 1051 1842 nomen
1095 1766 1216 1844 habet.

170 1881 294 1980 Hujus
337 1897 496 1960 truncum
530 1887 710 1963 referebat
746 1891 838 1964 lineo
880 1891 1026 1978 directo,
1060 1892 1097 1965 in
1142 1915 1216 1988 que

167 2009 313 2082 Genera
329 2019 367 2082 et
380 2011 527 2110 Species
540 2013 814 2088 scribebantur:
843 2016 881 2087 in
894 2041 1057 2112 supremo
1070 2016 1216 2090 Tabula

170 2133 297 2206 Genus
332 2158 530 2225 summum,
564 2138 601 2211 in
637 2138 707 2211 imo
742 2138 889 2236 Species
923 2139 1071 2225 infima3
1116 2139 1215 2214 unde

169 2255 341 2333 Nomina.
415 2261 518 2334 Inter
565 2261 648 2336 haec
696 2261 823 2336 Media
869 2262 1100 2350 Subalterna,
1147 2288 1215 2338 suo

167 2381 307 2457 ordine.

219 2507 447 2582 Differentiae
477 2509 649 2584 adlatus
680 2519 767 2583 sunt
797 2509 1006 2607 dispositae;
1047 2509 1094 2583 ad
1124 2536 1217 2608 quas

168 2630 292 2704 ductae
327 2655 350 2704 a
383 2633 588 2707 Generibus
622 2635 696 2708 suis
733 2633 841 2706 lineae
874 2633 1069 2708 Remorum
1103 2634 1218 2709 instar

166 2756 410 2855 pertinebant.
465 2757 659 2832 Individua
681 2758 748 2830 sub
773 2759 894 2855 specie
917 2758 1045 2832 infima
1067 2759 1216 2856 oblique

166 2879 349 2978 descripta
366 2889 464 2968 sunt,
482 2881 587 2978 quasi
603 2881 821 2980 propagines
839 2880 1016 2980 Radicis.]

166 3123 265 3199 gories
279 3123 341 3182 and
355 3123 407 3182 the
423 3123 592 3202 objectione
611 3124 711 3184 raised
731 3125 851 3202 against
868 3125 963 3195 them,
978 3144 1029 3186 see
1044 3125 1214 3203 Appendix‚

167 3229 240 3279 note
253 3220 291 3278 Β.

206 3315 347 3392 *specta
370 3319 540 3378 εοιοιιοηια.
582 3319 667 3378 Here
691 3319 743 3378 the
769 3317 851 3377 word
875 3320 974 3393 specio
997 3317 1054 3376 bas
1079 3314 1217 3393 changed

167 3414 206 3471 its
227 3415 381 3490 meaning.
423 3415 462 3473 In
483 3415 535 3474 the
556 3414 685 3492 original
710 3413 871 3472 definition
893 3415 918 3472 it
938 3421 1043 3472 meant
1062 3431 1081 3472 a
1101 3414 1216 3472 certain

167 3511 296 3570 relation
310 3512 343 3569 in
358 3511 455 3571 which
470 3531 489 3571 a
506 3513 659 3589 predicate
679 3530 748 3589 moy
762 3510 853 3570 stand
867 3518 898 3569 ιο
916 3513 956 3570 its
971 3510 1097 3588 subject.
1141 3510 1216 3569 Man

168 3607 194 3666 is
207 3626 227 3666 a
241 3607 366 3684 Species
381 3616 412 3667 ιο
428 3609 575 3668 Socrates.
616 3609 648 3666 It
664 3627 732 3667 now
746 3625 852 3666 means
872 3627 890 3667 a
909 3608 1023 3668 certain
1039 3607 1167 3666 relation
1182 3607 1215 3666 in

166 3703 263 3763 which
278 3723 297 3763 a
310 3703 429 3782 subject
442 3723 512 3783 moy
526 3705 615 3766 stand
630 3713 661 3764 ιο
676 3705 715 3763 its
730 3705 893 3781 predicate.
926 3704 1043 3764 Manis
1058 3723 1077 3762 o
1091 3703 1214 3780 Species

166 3805 196 3858 to
209 3800 342 3858 Animal
384 3801 487 3860 These
506 3819 557 3860 ere
577 3800 732 3877 generally
750 3798 975 3878 distinguished
996 3799 1035 3876 by
1049 3799 1213 3876 Logicians

164 3913 197 3954 as
211 3895 264 3954 the
277 3897 377 3970 species
385 3897 574 3970 predicotitr'r
588 3895 648 3956 and
663 3896 715 3954 the
728 3897 827 3971 species
839 3897 1009 3971 sutdindilb.

202 4003 215 4032 ⁰
236 3991 284 4070 By
308 3992 361 4051 the
390 3991 493 4052 Greek
520 3993 683 4070 Logicians
708 3993 732 4052 it
752 4011 812 4052 was
837 3992 1014 4052 sometimes
1039 3989 1135 4050 culled
1160 3987 1212 4046 the

163 4089 263 4148 trude
277 4090 401 4166 (κλίμαξ)
416 4091 451 4150 ol
461 4091 627 4169 Porphyry.
