3128 4976
337 441 388 512 24
728 463 834 514 sarrs
852 461 990 512 conice

336 663 447 714 omne
460 639 689 728 discriminis,
706 649 1062 738 praeternumerum,
1076 636 1214 710 eximit.
1257 637 1384 717 Quare

337 772 507 838 naturam
530 764 581 836 sic
605 762 839 851 abstractam,
856 787 940 836 cum
964 762 1012 836 sit
1036 761 1136 835 omni
1153 758 1383 856 singulorum

338 885 555 960 differentiae
581 897 779 983 superstes,
804 886 949 984 concipi
978 910 1044 984 par
1074 894 1141 972 est,
1169 907 1244 957 non
1273 890 1317 956 ut
1345 882 1383 954 in

338 1011 489 1108 singulis
524 1009 717 1096 diversam,
752 1010 817 1084 sed
850 1019 894 1084 ut
928 1010 965 1083 in
1000 1009 1169 1082 omnibus
1203 1005 1382 1089 eandem;

338 1134 505 1232 adeoque
547 1133 751 1208 Univcraolc
784 1133 959 1230 quiddam
993 1133 1068 1206 sive
1102 1133 1182 1206 Ena
1215 1155 1318 1204 unum
1347 1129 1385 1201 in

338 1258 481 1332 multis:
523 1257 677 1355 ejusque
717 1257 862 1354 signum
901 1257 1074 1330 idoneum
1115 1255 1195 1340 erit,
1235 1254 1384 1326 Nomen

337 1388 525 1469 communie,
546 1381 748 1468 Uninocum,
761 1380 931 1454 Secundoe
944 1379 1156 1466 intentionis,
1170 1403 1244 1452 uno
1258 1376 1385 1462 verbo,

338 1506 604 1592 Proedioadilel,
621 1506 696 1578 sive
713 1505 796 1579 Vox
814 1515 901 1603 apta
917 1504 1119 1602 praedicari,
1135 1503 1200 1578 ie.
1217 1502 1385 1576 Univoce

339 1631 410 1708 dici
426 1630 472 1704 de
490 1629 626 1704 multis.

391 1833 424 1927 §.
461 1831 495 1902 5.
548 1829 903 1904 Paammmmw
945 1831 1076 1928 cupito,
1126 1831 1296 1904 constitui
1347 1839 1385 1902 et

338 2045 558 2105 controversias
585 2043 772 2120 concaming
802 2043 986 2102 abstraction
1015 2051 1127 2101 cannot
1154 2041 1192 2100 bs
1225 2041 1384 2100 discussed

337 2143 420 2202 here.
463 2145 519 2202 See
533 2143 738 2217 Prolapomeno
752 2141 869 2215 Lopico,
884 2158 914 2216 p.
930 2143 977 2208 26,
994 2137 1069 2218 (lind
1084 2137 1132 2198 ed.
1145 2157 1176 2214 p.
1190 2141 1254 2211 29.)

378 2238 638 2298 1‘“Praedicabile
667 2237 788 2310 (Graece
812 2238 1040 2314 ωηγοροΰμων)
1066 2242 1098 2293 et
1121 2235 1301 2304 universale,
1326 2237 1386 2295 etsi

338 2335 440 2410 reipsa
453 2353 516 2392 non
531 2333 680 2400 differant,
695 2332 799 2412 (omne
814 2333 897 2390 enim
911 2331 1081 2388 universale
1100 2330 1257 2406 praedicari
1273 2337 1384 2407 potest,

339 2439 370 2490 et
391 2449 482 2490 omne
502 2429 695 2507 praedicabile
718 2428 809 2488 debet
830 2446 897 2486 esso
921 2427 1116 2503 universale.)
1140 2427 1256 2484 ratione
1281 2437 1385 2485 tamen

339 2528 458 2588 diversa
472 2537 553 2588 sunt.
594 2527 674 2586 Nam
689 2526 870 2594 universale,
885 2532 1037 2600 quatenus
1052 2523 1221 2582 universale
1236 2530 1291 2590 est,
1311 2541 1386 2599 prte-

339 2625 456 2683 dicatur
470 2625 508 2682 de
523 2623 727 2690 inferioribus,
743 2624 775 2680 in
790 2623 958 2698 quaestioue
977 2640 1038 2696 qun
1051 2621 1196 2696 quaeritur
1214 2619 1288 2696 quid
1306 2620 1385 2678 sint:

339 2728 370 2779 at
384 2721 585 2796 praedioahile,
600 2727 751 2795 quatenus
766 2727 814 2777 est
827 2717 1028 2794 medicabile,
1043 2717 1224 2792 praedicatur
1237 2716 1329 2774 etiam
1347 2715 1386 2774 de

339 2817 532 2884 coordinatis,
557 2816 649 2892 idque
678 2816 710 2873 in
738 2815 907 2890 quaestione
931 2816 992 2888 quis
1018 2815 1164 2888 quaeritur
1187 2812 1289 2888 qualia
1312 2813 1385 2872 sint.

339 2911 456 2985 Itaque,
479 2929 547 2969 cum
570 2911 704 2987 quinque
730 2910 793 2968 sint
816 2908 1029 2985 praedicabilia,
1051 2915 1171 2967 tantum
1195 2907 1256 2966 duo
1281 2915 1386 2966 tamen

339 3007 522 3064 universalia
532 3015 613 3074 sunt,
627 3024 724 3083 genus
736 3015 766 3064 et
777 3007 904 3082 species.
936 3006 1014 3064 Nam
1027 3003 1205 3072 differentia,
1217 3005 1385 3079 proprium,

340 3111 371 3162 et
391 3102 540 3170 accidens,
563 3112 713 3179 quatenus
735 3103 808 3162 talia
828 3110 909 3170 sunt,
930 3121 994 3162 non
1018 3111 1091 3161 snut
1115 3101 1304 3169 universalia,
1331 3101 1387 3162 sed

339 3205 459 3258 tantum
474 3207 623 3276 quatenus
638 3209 712 3258 sunt
725 3217 838 3276 genera
851 3206 905 3258 aut
918 3199 1035 3274 species
1049 3217 1155 3256 eorum
1169 3217 1236 3274 quae
1251 3196 1308 3256 sub
1323 3197 1387 3256 illis

340 3296 543 3356 continentur.
586 3297 640 3354 Ex.
653 3315 697 3373 gr.
711 3296 828 3355 Sensus
843 3302 891 3354 est
904 3296 1061 3371 proprium
1076 3295 1233 3362 animalis:
1256 3294 1311 3353 sed
1322 3313 1386 3354 nou

340 3399 387 3450 est
400 3393 579 3459 universale,
595 3400 746 3469 quatenus
765 3399 800 3450 ut
820 3393 977 3469 proprium
998 3391 1036 3450 de
1050 3393 1175 3451 animali
1196 3390 1387 3468 predicatur,

339 3487 393 3547 sed
408 3497 557 3564 qnatenus
578 3489 760 3565 praedicatur
779 3489 817 3548 de
836 3491 911 3556 risu,
926 3488 1033 3547 auditu
1052 3496 1084 3546 et
1102 3490 1219 3548 ceteris
1234 3489 1385 3556 sensibus,

339 3591 374 3641 ut
387 3587 510 3660 genus.”
550 3585 746 3659 Burpersdicii
759 3585 829 3644 Inst.
845 3587 916 3659 laoy.
930 3585 950 3642 l.
966 3586 985 3642 i.
1001 3603 1026 3642 c.
1041 3605 1068 3642 x.
1111 3585 1179 3644 The
1199 3584 1335 3644 addition
1356 3584 1389 3643 of

338 3682 494 3746 univocam,
514 3682 639 3739 recuridoe
657 3683 820 3740 intmticnie
840 3681 866 3740 is
889 3680 1089 3758 superfluous.
1131 3683 1200 3740 The
1221 3683 1311 3740 latter
1330 3682 1387 3742 has

339 3774 418 3834 been
443 3775 602 3851 explained
628 3776 660 3832 in
686 3794 704 3834 a
727 3776 840 3836 former
863 3787 945 3837 note.
988 3779 1054 3838 The
1080 3779 1200 3847 former,
1226 3779 1344 3855 though
1368 3797 1387 3837 a

338 3889 497 3948 necessary
523 3871 620 3930 result
644 3871 678 3930 ol
699 3872 751 3931 the
776 3874 960 3934 abstraction
984 3876 1058 3934 here
1083 3875 1252 3943 described,
1277 3876 1304 3933 is
1331 3882 1389 3932 not

339 3986 357 4027 a
369 3985 529 4046 necessary
544 3976 612 4045 part
626 3968 661 4024 of
671 3968 722 4028 the
738 3971 844 4028 notion
859 3971 895 4030 ol
904 3991 922 4030 a
936 3972 1119 4050 predicable.
1160 3969 1287 4040 Indead,
1300 3971 1389 4030 other

338 4066 501 4142 Logicians
516 4065 704 4142 distinguish
718 4066 854 4126 between
869 4071 1028 4142 equinomi,
1040 4071 1179 4138 univocoi,
1193 4069 1252 4128 und
1267 4069 1388 4128 momi-

336 4163 430 4222 native
444 4161 642 4238 predication.
685 4162 743 4222 See
759 4163 944 4234 Sanderson,
960 4167 981 4225 l.
997 4166 1017 4223 i.
1032 4185 1056 4225 c.
1073 4169 1099 4224 d.

377 4269 387 4302 l
410 4259 475 4318 The
503 4259 560 4318 five
587 4258 693 4318 Heads
716 4260 749 4316 of
772 4260 964 4322 Predicahles
987 4282 1038 4321 are
1060 4283 1098 4321 an
1121 4263 1258 4322 addition
1281 4271 1312 4321 to
1338 4261 1389 4322 the
